2888 5512
434 730 558 781 arnan
576 732 608 780 n.
629 729 676 796 ta,
694 730 735 785 ae.
753 730 793 783 aa.
1136 722 1199 788 223

17 854 95 919 dini.
138 852 206 936 Age
232 851 294 927 sis,
320 871 396 912 rinsro
418 850 456 912 de
476 848 592 915 ratione
617 850 785 927 rideamus,
810 852 865 912 nisi
889 851 956 934 qnid
982 852 1027 915 vis
1050 854 1086 916 ad
1109 855 1195 918 liaeo.

17 965 54 1028 A.
77 961 187 1047 Egone
206 971 238 1025 nt
257 972 286 1023 te
301 960 507 1044 interpellem?
535 958 584 1023 Ne
603 959 657 1023 lion
674 959 790 1043 quidem
810 962 931 1038 vellent,
955 961 995 1023 ita
1013 984 1059 1026 me
1077 965 1113 1027 ad
1131 987 1197 1029 ore·

15 1074 140 1139 dendnnr
164 1083 216 1135 tua
238 1072 318 1134 deicit
340 1071 446 1133 oratio.
494 1070 542 1133 M.
565 1068 651 1135 Sitne
674 1070 764 1153 igitur
785 1071 890 1132 ninlinn
915 1072 1059 1151 dolere1,
1085 1095 1191 1154 nenne,

15 1183 111 1249 Stoici
134 1182 283 1257 viderint,
308 1181 356 1263 qni
380 1181 554 1243 contortulis
574 1180 745 1263 quibusdam
763 1190 792 1243 ot
810 1181 928 1245 nrirnrtis
946 1184 1195 1265 ronelnsinnculis

16 1316 69 1359 nen
91 1295 130 1356 nd
153 1314 261 1355 sensns
285 1290 547 1375 permanantibns²
572 1291 647 1352 ellioi
666 1291 786 1368 volunt,
812 1312 869 1353 non
893 1313 960 1355 esse
984 1294 1089 1357 riualem
1112 1298 1193 1359 dolo-

17 1427 90 1469 rem.
140 1401 208 1487 Ego
225 1402 313 1479 illud,
338 1400 474 1484 qnirqnid
491 1401 547 1478 sit,
573 1410 683 1463 tanturn
702 1421 786 1477 esse,
811 1412 951 1483 qnantum
967 1404 1113 1484 videatur,
1137 1427 1195 1468 non

14 1527 104 1601 pnto,
131 1514 265 1595 lalsaqne
287 1512 351 1573 eins
369 1510 483 1573 visione
505 1522 534 1572 et
555 1511 654 1594 speeie
674 1512 786 1573 moveri
807 1510 940 1574 homines
958 1512 1023 1575 dieo
1038 1513 1197 1577 vehemen-

20 1626 92 1703 tins,
116 1624 307 1704 doloremque
322 1622 411 1683 eins³
431 1641 546 1683 omnent
563 1641 630 1683 esse
647 1621 841 1683 tolerabilem.
874 1620 958 1685 Unde
974 1622 1065 1706 igitur
1079 1623 1197 1687 ordiar?

14 1757 58 1797 nn
75 1734 179 1797 eadent
191 1730 327 1795 breviter
340 1731 494 1814 attingant,
519 1751 594 1812 qnae
611 1731 698 1793 modo
714 1731 787 1809 dixi,
812 1754 869 1813 quo
885 1731 999 1796 facilius
1015 1732 1110 1797 oratio
1129 1756 1195 1820 pro·

15 1845 104 1929 gredi
125 1843 219 1927 possit
234 1841 373 1925 longine?
417 1850 471 1905 15.
495 1837 579 1903 inter
603 1861 706 1905 omnes
723 1840 815 1923 igitur
833 1840 889 1903 hoe
909 1854 1042 1920 nannet,
1068 1866 1122 1907 nee
1144 1846 1195 1930 do

15 1965 85 2017 etos
108 1952 243 2014 lromines
266 1951 380 2029 aolnrn,
410 1952 463 2015 sed
488 1949 578 2015 etiarn
606 1950 760 2030 indoctos»,
784 1951 914 2014 virorum
938 1973 1005 2015 esse
1028 1953 1145 2016 sortium
1168 1967 1198 2017 et

18 2062 271 2146 magnanimorum
289 2071 320 2123 et
335 2059 506 2147 patientium
527 2071 555 2124 et
573 2059 698 2123 hnmana
715 2060 912 2139 vincentium,
938 2064 1100 2126 toleranter
1116 2065 1197 2129 dolo·

17 2172 179 2257 tempoli,
205 2192 259 2234 nee
278 2192 350 2235 vero
376 2172 527 2254 quisquam
548 2170 621 2248 init,
645 2171 693 2253 qni
711 2191 795 2249 eom,
820 2173 867 2255 qni
885 2172 925 2235 ita
944 2184 1112 2258 pateretur,
1136 2197 1196 2239 non

19 2283 196 2347 laudandum
212 2292 338 2367 putaret.
385 2279 472 2364 Quod
490 2303 563 2364 ergo
581 2292 611 2343 et
626 2282 789 2365 postulatur
808 2303 825 2343 n
843 2283 978 2361 sortibus,
1003 2296 1030 2346 et
1048 2285 1194 2364 laudatur,

18 2416 104 2478 qnam
123 2394 175 2471 nt,
200 2390 231 2454 id
249 2401 299 2453 aut
314 2390 511 2454 extimescere
525 2390 662 2467 veniens,
686 2399 737 2452 ant
753 2411 811 2452 non
829 2392 906 2454 lerre
924 2399 1078 2475 praesens,
1098 2418 1196 2459 rionne

19 2515 102 2589 tnrpe
130 2503 200 2567 est?
244 2500 336 2585 Atqui
361 2499 446 2579 vide,
471 2521 526 2579 ne,
551 2522 637 2585 qnnnr
663 2521 766 2563 omnes
793 2510 892 2563 rectae
913 2501 1003 2563 aninri
1025 2504 1198 2568 affectiones

18 2616 158 2677 eirtntee
180 2611 377 2696 appellentur,
402 2632 460 2673 non
480 2610 518 2673 sit
537 2611 593 2674 hoo
610 2610 758 2697 proprium
783 2630 890 2673 nornen
913 2611 1061 2689 omnium,
1085 2614 1136 2677 sed
1160 2613 1197 2677 ab

93 2806 189 2859 lell.
221 2806 233 2857 1
253 2806 297 2857 Sie
318 2806 416 2872 plurimi
441 2806 514 2857 codd.
539 2815 566 2856 et
589 2805 694 2873 optimi,
721 2815 748 2855 nt
771 2806 800 2854 il.
825 2809 874 2871 (ap.
895 2809 953 2857 Wes.
972 2808 1026 2856 Em.
1043 2808 1074 2857 tt.
1099 2824 1124 2875 p.
1142 2806 1196 2869 45.)

23 2874 94 2929 cdd
110 2872 143 2936 l·,
161 2885 187 2925 et
200 2874 321 2943 plurimae
335 2873 393 2925 edd.
409 2884 488 2932 tetta
507 2873 541 2925 ei.
559 2875 601 2924 ill.
612 2873 652 2936 te,
670 2872 718 2923 1οε
735 2873 769 2922 sit
786 2890 846 2921 sane
861 2891 983 2923 snmmnm
1000 2874 1091 2924 maltam
1105 2878 1198 2939 dolere,

23 2944 101 2993 aiam
115 2958 223 3022 aquen·
236 2946 297 2993 illud
318 2942 469 3008 apertiorem
485 2942 562 2993 habet
577 2940 834 3001 demonstrationem,
858 2942 879 2991 si
895 2941 931 2991 sic
947 2942 1051 3007 legitor,
1077 2943 1113 2993 nti
1129 2954 1198 2994 recte

24 3010 167 3089 olpservnrt
185 3012 245 3061 Wea
262 3010 280 3060 l.
297 3009 337 3065 d.;
355 3012 422 3060 dolor
437 3013 508 3088 One.
527 3009 612 3089 paneis
630 3006 704 3059 oodd.
718 3018 744 3057 et
761 3007 881 3087 rpmplpr.
898 3008 954 3057 edd.
973 3019 1035 3088 rett.
1067 3010 1143 3061 taio
1157 3011 1196 3063 ed.

23 3080 88 3128 Vret.
106 3095 155 3157 prp
165 3081 370 3140 ptmonenttins:
387 3094 451 3156 qnae
464 3088 550 3143 mepta
564 3087 702 3143 scriptura,
720 3093 750 3125 ex
764 3075 858 3126 lrbrnrn
873 3094 957 3126 errore
971 3093 1024 3127 sine
1040 3078 1195 3159 dnbioprta,

23 3156 156 3213 onurpavtt
170 3144 266 3195 mnltne
282 3144 373 3204 codd,
390 3154 466 3195 etnam
483 3144 512 3193 R.
529 3143 595 3193 Gnd.
615 3145 637 3194 1.
657 3146 702 3196 ll:
727 3145 838 3194 nonnull.
857 3144 914 3195 edd.
935 3155 997 3196 vett.
1015 3156 1041 3196 et
1056 3164 1128 3217 paocr
1149 3148 1197 3198 de-

22 3214 128 3265 teriore·
142 3210 221 3311 podd-
235 3214 410 3276 petrusinus.
445 3214 476 3263 V.
493 3211 556 3261 ndu.
590 3210 607 3263 3
623 3228 647 3261 v.
667 3210 729 3264 Adn.

20 3348 49 3383 ee
62 3324 150 3383 arseni
164 3328 261 3381 nnllam
276 3328 351 3379 aliam
364 3328 414 3379 rim
431 3328 533 3392 habent,
551 3326 597 3378 nisi
622 3344 672 3379 non
687 3328 719 3379 ad
734 3346 819 3381 sensns
832 3332 1037 3399 penetrantibus,
1055 3332 1151 3380 nnllam
1165 3331 1198 3379 ad

22 3398 162 3459 limitandi,
179 3397 228 3449 inei
246 3396 345 3457 niendi,
362 3395 533 3449 confirmandi.
566 3396 597 3448 V.
623 3414 666 3447 eos
689 3397 837 3448 habentilnns
862 3400 920 3448 vim.
956 3400 987 3448 V.
1007 3400 1100 3447 srnntz.
1119 3395 1198 3446 lodie.

22 3468 139 3530 Manu.
160 3464 222 3516 Grie
284 3465 376 3515 Partik.
401 3467 432 3515 T.
452 3467 472 3514 l.
498 3482 524 3531 p.
537 3462 596 3516 380.
624 3463 707 3515 Latin.
725 3482 749 3515 ν.
765 3480 914 3526 permanare.

23 3534 62 3585 sse
77 3550 107 3585 re
122 3534 180 3599 ipsa
193 3550 216 3583 r.
238 3549 313 3599 qoem
326 3535 403 3583 linter
422 3530 508 3583 landet
526 3534 551 3582 C.
569 3536 596 3581 G.
674 3534 821 3592 doloremque
829 3533 889 3593 eine]
900 3529 942 3577 Sic
950 3544 1035 3577 omnes
1047 3529 1100 3576 iare
1109 3525 1200 3587 codd,

22 3604 191 3651 &enm
205 3598 238 3651 ed
255 3600 318 3650 Plio.
333 3600 425 3666 Paneg.
439 3599 480 3652 33.
502 3608 528 3649 et
543 3597 599 3647 Liv.
624 3598 660 3647 nt.
671 3598 701 3646 L.
716 3596 742 3645 in
758 3614 791 3646 m.
805 3599 838 3647 eis
851 3613 885 3645 sc.
897 3595 1053 3655 hominibns3
1070 3595 1200 3647 einsnbeat

23 3668 105 3728 XLI,
122 3666 166 3717 'an
625 3658 797 3721 aeod.ltled.;
813 3667 961 3725 wasmont
971 3666 1200 3715 eiusmodoomneen

80 3734 145 3783 Car.
159 3732 252 3783 XVlll.
267 3734 289 3803 §.
301 3730 344 3785 11.
361 3736 440 3796 Epona
452 3739 478 3783 nl
494 3739 515 3783 le
529 3736 600 3782 inler-
626 3732 665 3781 El.
678 3731 703 3781 3.
718 3739 745 3779 et
761 3732 887 3787 Pannona
906 3733 946 3781 Or.
962 3730 1052 3797 aliique
1063 3736 1113 3782 eius
1128 3733 1197 3783 uncia

22 3800 145 3869 pellent]
158 3803 263 3852 (ἔσσεαι.
272 3800 305 3852 ad
316 3801 393 3880 Legg.
405 3802 425 3850 1.
436 3798 461 3862 l,
474 3798 513 3851 11.
524 3817 550 3866 p.
563 3798 601 3850 17.
626 3800 770 3858 cinxerunt,
788 3801 842 3848 Seli.
861 3798 934 3863 plane
948 3797 1052 3855 abiecit;
1071 3803 1150 3850 Hand.
1165 3800 1199 3851 ad

24 3872 187 3937 pontianae
207 3867 378 3935 interrogandi
401 3868 498 3935 signnm
523 3882 601 3932 repo-
628 3868 750 3927 Wopkens.
767 3882 792 3931 p.
806 3867 864 3917 ¹206.
887 3866 1038 3915 antecedens
1061 3870 1121 3917 ntae
1146 3886 1198 3921 non

26 3936 134 3987 madiam
151 3946 253 4000 annet,
272 3936 365 3987 doeens
381 3935 443 3985 illud
459 3950 530 3998 epone
544 3951 601 3983 rna·
625 3932 743 3998 intelligit
757 3936 864 3995 molum,
880 3932 925 3982 ned
941 3951 1008 3993 rem,
1027 3950 1089 4000 qnae
1107 3937 1200 3987 excitet

25 4020 96 4055 nane
112 4022 128 4055 a
145 4002 248 4057 comicis
264 4002 538 4070 etepraecedentibne
555 4019 601 4069 per
625 4000 739 4051 dolorem
770 4000 948 4066 (Gegenatand
979 4001 1022 4050 des
1047 4003 1199 4067 Sehmeraea,

25 4070 123 4141 ellipsin
138 4070 176 4121 int
224 4070 368 4130 reundum,
391 4081 419 4120 nt
434 4070 552 4120 Academ.
570 4070 600 4118 ll.
625 4072 691 4119 dolor
705 4071 806 4118 alienius
822 4072 856 4118 rei
873 4069 905 4118 de
923 4068 1012 4120 dolore
1026 4071 1058 4120 ab
1074 4072 1155 4141 aliqua
1172 4091 1200 4124 re

25 4134 67 4199 17,
80 4138 146 4191 tta:
164 4140 197 4189 8e
227 4137 286 4206 qnid
299 4138 399 4189 Catulus
410 4135 506 4187 sensit?
533 4139 601 4201 Ego-
625 4136 762 4194 excitatol‚
781 4145 809 4185 ut
826 4136 852 4186 C.
869 4143 920 4187 Λα.
935 4136 967 4198 9,
984 4138 1015 4188 ll:
1034 4139 1136 4191 iniuriae
1150 4140 1200 4190 do-

25 4206 76 4257 nei
100 4205 197 4273 inquit,
219 4204 253 4255 ad
269 4206 347 4272 patris
363 4206 481 4256 revolvor
496 4214 601 4253 senten·
626 4203 673 4254 lor.
707 4203 733 4253 si
748 4209 798 4254 etna
812 4222 955 4283 germanum
972 4216 1025 4266 est,
1043 4209 1119 4257 rerba
1134 4211 1201 4258 dolo·

25 4272 94 4325 t'ura.
126 4272 179 4325 eet
198 4283 270 4325 reete
286 4284 374 4324 eontra
389 4283 476 4323 monet
493 4274 601 4333 Orettint,
626 4274 739 4322 remeius
754 4272 852 4351 explico
868 4276 978 4336 dotorem,
996 4274 1038 4341 qui
1055 4283 1201 4339 procreatur

24 4340 94 4393 hane
107 4339 301 4409 interpungendi
325 4340 448 4391 rationem
464 4339 602 4389 admitten-
627 4356 657 4388 ex
680 4338 744 4387 laisa
767 4339 864 4390 visione
885 4352 910 4390 et
932 4341 1017 4406 specie
1038 4342 1103 4395 eina,
1132 4337 1201 4404 qnod

23 4406 87 4459 darn
100 4424 153 4457 m
165 4424 234 4469 uae,
252 4406 299 4457 nisi
316 4407 358 4457 nbi
372 4407 405 4459 ad
421 4409 518 4471 Epona?
543 4422 603 4455 ver-
626 4415 724 4455 tnntum
746 4417 867 4468 nonest,
892 4416 1011 4473 qnantum
1032 4406 1146 4461 videtur;
1174 4416 1201 4455 at

24 4474 86 4527 ianm
105 4490 137 4525 a
152 4474 359 4527 uteoedentibna
380 4473 544 4542 repetendum
560 4472 602 4532 sit,
629 4471 702 4525 tacite
722 4476 772 4525 etus
792 4491 807 4524 a
831 4474 933 4525 librario
956 4472 1086 4537 importari
1109 4472 1200 4541 potnit,

20 4552 53 4597 'nt
67 4544 148 4623 begg-
167 4542 186 4593 l.
201 4544 228 4595 d.
245 4542 296 4592 iam
313 4542 397 4593 ordire
413 4541 552 4609 explicare,
570 4538 603 4591 de
628 4539 702 4590 oculo
713 4539 747 4590 ad
761 4541 936 4591 antecedentia
950 4542 1056 4601 fanoque
1071 4544 1140 4594 etas
1152 4543 1201 4596 ab·

23 4610 77 4679 iqe
91 4608 163 4663 nardi
176 4608 239 4679 qnid
254 4610 354 4661 sentiae.
383 4610 418 4660 Μ.
436 4611 535 4673 Epona?
555 4610 601 4673 (se.
628 4618 734 4659 errante.
771 4608 810 4657 Cl.
832 4612 933 4658 Wesenb.
951 4610 1005 4656 Em.
1019 4610 1038 4657 l.
1056 4626 1080 4674 p.
1093 4608 1118 4663 6,

23 4676 430 4745 qaideentiemlsumrnosinisae.
455 4678 492 4726 De
500 4676 550 4726 hoc
558 4692 603 4724 nen
678 4670 756 4743 §.ta
783 4678 853 4735 (laod
868 4690 922 4735 erpo
943 4681 964 4724 et
984 4680 1116 4737 postuletne
1138 4681 1199 4750 ete]

24 4744 212 4797 minuationis
227 4752 254 4795 est
276 4744 302 4794 in
326 4743 545 4795 exclamationibna
561 4741 604 4792 vel
629 4741 710 4791 Minas
726 4752 841 4792 accurate
855 4742 952 4791 locntna
968 4753 1005 4793 eat
1023 4744 1047 4796 h.
1063 4745 1079 4798 l.
1097 4746 1200 4807 Cicerot

10 4806 264 4881 'tarwanam
285 4830 341 4863 enm
358 4810 524 4863 admiratione
541 4827 604 4877 pro-
629 4826 686 4859 nam
700 4812 767 4860 dolor
781 4808 880 4877 quidem
896 4811 1065 4863 extimescitnr
1081 4831 1127 4864 nec
1146 4815 1202 4865 t'er-

23 4878 88 4931 ΙιῑὶιΙ
102 4896 127 4933 v.
142 4898 191 4933 not
216 4879 243 4931 in
265 4880 311 4931 Gr.
328 4880 360 4931 L.
378 4880 399 4945 ξ.
414 4878 471 4931 142.
488 4879 550 4929 Not.
564 4877 603 4928 11.
628 4885 676 4936 tur,
694 4886 722 4927 at
735 4877 876 4944 postulatur
890 4890 915 4929 et
929 4879 1202 4945 landaturdoloritpo·

22 4946 70 5001 61.
83 4948 163 5001 iffi.
178 4946 215 5001 ed
232 4964 272 4998 or.
290 4965 315 5015 p.
333 4946 438 5006 Sesti,
455 4945 494 4999 17.
511 4963 536 5012 p.
548 4945 604 4997 112.
628 4948 717 4996 tteatia
752 4944 792 4995 Gi.
809 4948 914 5009 Madvig.
934 4947 966 4996 ad
984 4936 1037 4998 Fin‘.
1055 4965 1080 5013 p.
1093 4948 1136 4997 Ltl
1147 4966 1184 5013 aq.

76 5018 172 5069 nenne
193 5030 280 5083 misas
298 5014 502 5079 κωπῶν]
528 5013 562 5064 rt
579 5028 603 5064 e.
678 5015 750 5077 ttpnt
764 5015 835 5076 atde,
858 5028 887 5064 na
904 5016 976 5078 eote]
1002 5013 1125 5064 urbanior
1142 5026 1201 5077 pro:
