2888 5512
438 39 1422 437 ιι-

223 672 282 731 xx
715 681 902 733 enarratio

329 816 485 912 Tregder
507 819 815 915 praestantissimos
838 819 986 911 codices,
1018 818 1166 914 Regium
1186 826 1223 893 et
1237 818 1396 897 Pitlmea-
1423 784 1429 795 ι

223 980 315 1048 num,
341 957 381 1029 ab
396 955 471 1029 aliis
486 956 551 1028 iam
566 955 762 1047 editoribus,
789 956 849 1028 sed
863 955 974 1028 minus
988 962 1138 1029 accurate
1161 957 1314 1048 collatos,
1338 960 1398 1031 de·

224 1116 291 1165 nuo
306 1115 434 1163 summa
450 1090 621 1186 diligentia
637 1090 859 1163 conterendos
874 1091 1004 1165 curarit
1019 1097 1117 1185 atque
1132 1114 1174 1163 ex
1187 1091 1244 1165 bis
1257 1092 1398 1189 potissi-

223 1251 314 1299 mum
339 1225 570 1299 collationibus
598 1226 862 1299 Tusculanarum
887 1226 1116 1301 recensionem
1139 1226 1299 1302 institnit

324 1360 491 1431 Klotzeics
507 1361 647 1454 denique
666 1385 775 1435 novos
792 1360 923 1436 codices
941 1367 976 1432 et
992 1360 1156 1434 editiones
1174 1369 1311 1437 veteres
1327 1387 1397 1438 non

223 1498 364 1571 eontulit
376 1498 434 1569 ille
449 1497 600 1590 quidem,
627 1497 687 1569 sed
702 1496 914 1591 superiorum
927 1497 1093 1568 editorum
1107 1504 1271 1592 apparatu
1283 1499 1396 1573 critice

224 1632 475 1727 diligentissime
499 1631 727 1727 pervestigata
753 1632 979 1724 acerrimoque
1005 1630 1127 1704 iudicio
1156 1634 1342 1707 examinato
1362 1635 1398 1707 in

223 1769 427 1841 emendanda
444 1766 563 1841 horum
583 1767 746 1840 librorum
762 1767 927 1861 scriptura
940 1788 1059 1860 magna
1074 1790 1148 1839 cum
1167 1767 1264 1840 laude
1279 1791 1399 1844 versa-

221 1911 277 1977 tus
296 1910 358 1977 est.
411 1903 534 1996 Negari
553 1903 688 1994 quidem
703 1925 773 1972 non
798 1907 927 1995 potest,
961 1924 1059 1995 saepe
1080 1924 1156 1973 eum
1169 1902 1271 1975 nimis
1286 1905 1398 1995 anxie,

222 2062 264 2110 ne
280 2040 386 2110 dicam
399 2036 579 2125 serviliter,
606 2034 755 2107 codicum
768 2035 891 2107 litteris
908 2035 1099 2109 adhaesisse
1115 2038 1157 2109 ob
1172 2060 1311 2131 eamque
1325 2063 1397 2111 rem

222 2195 289 2242 non
313 2194 388 2243 raro
410 2169 510 2241 etiam
528 2192 641 2241 earum
657 2170 917 2265 scripturarum,
944 2193 1026 2263 quac
1044 2179 1155 2244 rectae
1171 2196 1209 2244 ac
1224 2196 1327 2247 sanae
1340 2198 1398 2247 ra-

221 2306 305 2378 tioni
326 2311 532 2402 repugnant,
566 2305 787 2400 patrocinium
802 2313 918 2379 contra
941 2305 1134 2402 superiores
1158 2307 1308 2382 editores
1325 2333 1396 2382 ma-

222 2464 286 2536 gna
309 2466 382 2515 cum
394 2440 566 2514 iracundia
583 2440 790 2536 suscepisse3
825 2442 886 2513 sed
907 2465 1005 2534 quam
1027 2441 1064 2513 in
1084 2444 1269 2515 exercenda
1284 2445 1397 2519 critica

220 2577 395 2671 ingressus
407 2574 463 2648 'est
476 2577 582 2665 viam,
610 2600 647 2647 ea
661 2576 766 2650 multo
782 2576 930 2649 firmiore
945 2575 1065 2649 nititur
1077 2575 1296 2651 fundamento
1308 2580 1397 2653 mul-

221 2717 322 2803 toque
339 2711 444 2783 tutior
459 2712 622 2783 censenda
639 2718 710 2804 est,
737 2735 835 2805 quam
851 2735 983 2801 eorum,
1010 2712 1086 2805 qui,
1112 2712 1263 2785 codicum
1282 2720 1396 2788 aucto-

221 2845 319 2916 ritate
345 2843 535 2940 posthabita
562 2846 615 2919 vel
637 2846 813 2919 meliorum
837 2854 872 2918 ct
899 2846 1104 2919 deteriorum
1129 2846 1279 2952 codicum
1300 2850 1395 2922 nullo

220 2978 332 3051 habito
354 2980 499 3070 delectu,
532 2980 707 3076 scriptoris
727 2982 911 3054 orationem
931 2983 1037 3077 magis
1056 3006 1118 3078 pro
1138 2984 1302 3056 arbitratu
1321 3008 1397 3075 suc,

222 3137 320 3206 quam
337 3138 377 3187 ex
396 3115 526 3188 severis
546 3116 677 3188 criticae
695 3117 823 3211 legibus
847 3116 1057 3191 constituunt
1080 3118 1135 3190 vel
1153 3119 1254 3209 adeo,
1287 3120 1326 3191 in
1343 3120 1397 3193 ln-

219 3250 347 3324 bricum
382 3250 589 3323 coniectandi
614 3275 764 3346 campum
793 3251 913 3341 delati,
949 3252 1124 3325 sanissima
1158 3276 1257 3348 saepe
1292 3257 1396 3328 verba

219 3387 392 3462 inutilibus
415 3387 615 3461 coniecturis
647 3393 779 3459 tentant
813 3394 910 3479 atque
945 3388 1147 3459 coruvellunt.
1184 3378 1268 3476 dc,
1305 3391 1396 3481 quod

219 3543 347 3592 summa
363 3522 459 3595 laude
479 3524 616 3618 dignum
633 3529 703 3613 est,
735 3523 771 3594 in
785 3522 958 3612 libello*),
993 3545 1091 3615 quem
1106 3528 1179 3594 octo
1197 3524 1295 3595 annis
1314 3531 1394 3618 post

219 3653 399 3725 editionem
416 3679 511 3727 suam
528 3656 620 3731 ioras
636 3657 796 3753 protulit,
822 3657 876 3729 sui
890 3657 963 3754 ipse
980 3658 1109 3730 exstitit
1122 3658 1222 3729 iudex
1241 3658 1394 3731 severis-

219 3788 323 3859 simus
351 3812 568 3883 magnamque
590 3793 833 3865 sententiarum
851 3815 987 3864 suarum
1012 3798 1142 3886 partem
1162 3798 1311 3865 accurate
1335 3817 1394 3865 re-

217 3927 391 3996 tractatam
407 3926 614 4012 emendarit‚
641 3926 827 4016 complures
842 3931 1012 3997 contortas
1028 3925 1321 4021 interpretationes
1336 3952 1396 4001 rc·

214 4056 293 4129 iecit
308 4056 566 4151 melioribusque
581 4057 794 4154 permutavit,
816 4080 885 4131 non
898 4059 1012 4153 paucis
1026 4061 1109 4133 locis
1124 4062 1166 4133 ad
1179 4061 1394 4155 superiorum

217 4192 383 4265 editorum
402 4194 604 4283 sententias,
637 4199 762 4264 temere
780 4215 878 4288 saepe
900 4200 933 4265 et
952 4195 1039 4266 elato
1059 4196 1238 4291 supercilio
1258 4198 1392 4291 priusa

216 4351 252 4398 se
278 4335 432 4419 notatas,
467 4330 570 4402 rediit
595 4327 795 4418 omninoque
822 4328 927 4401 multo
954 4328 1092 4400 liberius
1118 4330 1153 4400 in
1181 4330 1391 4406 diiudicanda

215 4463 380 4554 scriptura
398 4464 569 4559 magisque
587 4463 737 4554 ratione,
774 4487 872 4558 quam
889 4486 982 4536 caeca
1001 4463 1149 4535 codicum
1171 4463 1391 4543 admiratione

216 4597 435 4688 gubernatum
454 4599 604 4673 adhibuit
622 4599 791 4673 iudicium.
846 4599 919 4672 Viri
939 4598 1123 4672 doctissimi
1140 4597 1389 4694 acutissimiqne

282 4798 306 4862 *)
334 4798 477 4865 Nachtra'ge
502 4800 552 4849 und
578 4800 784 4866 Berichtigungen
808 4816 837 4849 zu
861 4798 970 4850 Cicero's
994 4797 1210 4865 Disputationibua
1234 4798 1391 4851 Tusculanis.

214 4896 316 4966 Leipzig
331 4896 404 4951 1843.
