2946 5550
425 327 545 377 ciunu
565 328 594 378 v.
611 326 660 390 34,
679 326 720 379 ue.
738 327 779 379 99.
1120 320 1179 383 lot

15 441 157 505 videlieet
169 442 273 505 sitiens
289 443 412 507 biberat.
447 445 513 508 Noc
529 447 663 529 esuriens
674 445 885 511 Ptolemaeus⁴
900 450 1011 529 ederet,
1035 452 1082 515 eui
1097 475 1183 536 quum

15 553 209 638 pereffunti‘l
229 553 414 639 Aegyptum,
446 557 599 619 comitibus
624 579 681 619 non
707 559 890 638 consecutis,
916 561 1042 624 cibarius
1064 563 1092 624 iu
1115 585 1184 626 cusa

15 665 100 749 penis
119 665 204 727 dotus
223 676 320 742 esset,
352 666 421 727 nihil
439 667 533 729 nisum
559 673 627 730 est⁶
652 668 701 729 illo
720 691 793 752 pune
817 668 981 735 ihoundius.
1028 670 1183 737 Socratem

17 775 133 852 lerunt,
158 796 245 859 quum
261 797 353 859 usque
369 778 404 839 nd
420 781 601 862 uesperum?
619 781 783 842 contentius
801 781 980 860 ambularet,
1005 785 1183 866 quaesitum-

14 905 70 969 que
89 896 171 949 esset
187 906 293 964 exeo,
319 908 406 970 quere
421 889 448 951 id
466 890 596 966 laceret,
621 891 826 973 respondisse,
850 913 900 971 se,
925 915 981 976 quo
994 896 1097 957 nielius
1114 916 1182 959 coe-

16 1006 117 1073 naret,
142 1017 288 1080 opsonare
303 998 476 1060 ambulando
493 1001 610 1061 laniem.
656 1010 708 1064 98.
734 998 832 1082 Quid?
853 1003 961 1064 victum
981 1001 1181 1069 Lacedaemo·

17 1106 132 1169 niorum
151 1108 181 1169 in
198 1106 342 1191 philitiis⁸
363 1128 460 1170 nonue
479 1110 632 1172 videmus?
653 1108 708 1174 Ubi
729 1133 815 1192 quum
833 1122 976 1195 tyrannus
995 1115 1182 1179 coenuvisset

15 1213 197 1303 Dionysius,
222 1197 341 1301 negavil
356 1238 390 1281 se
404 1219 467 1281 iure
486 1220 535 1281 illo
561 1220 663 1302 nigro,
695 1223 770 1303 quod
789 1242 898 1285 coenae
916 1233 1098 1307 repulerat,
1132 1227 1181 1288 de·

14 1328 165 1391 lectulum.
213 1326 354 1407 Tomis,
383 1330 430 1412 qui
453 1330 503 1392 illu
526 1340 665 1393 coxerat:
696 1328 820 1393 Minime
842 1332 963 1410 urinum3
995 1336 1180 1400 condimento

14 1440 91 1501 enim
110 1440 277 1502 defuerunt.
302 1475 342 1485 -
366 1438 450 1522 Qiiue
472 1442 607 1518 tandem,
631 1442 725 1525 iuquit
742 1443 811 1505 illel
832 1479 874 1489 —
896 1441 998 1506 Labor
1011 1445 1039 1507 iu
1057 1457 1178 1524 venatu,

11 1549 123 1627 sudor,
154 1549 311 1611 cursuoub
330 1547 479 1629 Euroto⁸‚
505 1553 612 1630 lanies,
642 1552 725 1631 sitis3
757 1552 801 1615 his
822 1554 898 1615 euim
919 1555 1009 1617 rebus
1027 1553 1180 1620 Lacedae·

12 1658 177 1722 moniorum
197 1659 298 1743 epulae
316 1660 502 1725 condiuntur.
526 1698 568 1708 -
598 1662 698 1745 Atque
715 1664 770 1725 hoo
791 1685 849 1726 uon
869 1685 908 1727 ex
927 1665 1073 1729 homiuum
1095 1688 1176 1730 more

11 1768 126 1847 solum,
149 1770 303 1833 sedetiam
326 1792 366 1833 ex
385 1771 486 1834 hestiis
504 1772 627 1856 intelligi
644 1784 758 1857 potest,
782 1796 875 1857 quoe,
900 1786 931 1838 ut
949 1777 1108 1860 quiequid⁸
1129 1779 1179 1841 ob·

12 1880 120 1943 ieetum
138 1890 202 1959 est,
223 1881 301 1965 quod
319 1883 404 1943 modo
422 1886 461 1943 ol
479 1894 582 1945 nutura
599 1905 656 1945 uon
673 1885 711 1946 sit
726 1884 871 1963 alienum,
894 1906 930 1949 eo
946 1898 1102 1951 contentae
1120 1907 1178 1952 uon

11 2001 157 2075 quaeruut
184 1991 318 2079 amplius.
365 2000 417 2054 99.
451 1988 594 2055 Civitates
616 1994 757 2077 quaedam
785 1995 941 2059 universae
967 2018 1049 2060 mone
1077 1999 1180 2061 doctae

78 2160 142 2211 tlt.
157 2170 184 2210 et
202 2162 228 2212 P.
242 2178 283 2230 ep.
300 2164 370 2213 Wes.
388 2161 452 2212 Gnd.
472 2160 492 2211 l.
511 2164 580 2213 hlon.
597 2163 619 2213 1.
638 2166 803 2227 Ptolomaeum
828 2164 892 2213 Gud.
910 2163 933 2217 2.
953 2165 1026 2215 vind.
1045 2166 1067 2216 l.
1086 2170 1180 2217 Phloio-

10 2244 85 2279 meus.
120 2228 220 2279 5Non.
236 2227 312 2297 p.93.
329 2234 495 2293 peregrinanti.
530 2226 919 2282 montemorenciaco.
954 2229 1052 2285 7Non.
1068 2234 1106 2284 ed.
1124 2236 1181 2285 Go-

10 2296 91 2346 tholr.
113 2299 249 2359 Piraeeum,
265 2297 309 2347 sed
325 2298 364 2347 ed.
381 2300 458 2347 utere.
475 2312 596 2359 vesperum
612 2298 735 2366 (epirum).
777 2300 794 2350 e
816 2318 838 2352 v.
853 2299 917 2350 Adn.
951 2298 968 2350 9
985 2301 1026 2352 Sic
1041 2302 1070 2354 tt.
1086 2303 1111 2354 P.
1121 2305 1179 2354 Vnt.

10 2362 81 2413 Gnd.
97 2362 120 2412 l.
137 2364 168 2415 ll.
184 2362 286 2432 eliique;
304 2366 346 2415 alii
359 2384 408 2417 orn.
423 2381 454 2427 o,·
472 2367 513 2414 Or.
534 2366 602 2414 uncis
620 2366 704 2419 cinxit.

63 2464 180 2532 uidelicet]
193 2464 246 2515 siue
259 2466 343 2527 dubio,
360 2484 413 2517 cum
429 2466 508 2516 ironia
521 2482 585 2532 qua·
660 2466 818 2534 illucesceret]
837 2467 939 2517 Plurulin
949 2486 1064 2519 numerus
1079 2476 1122 2521 illu
1137 2490 1179 2522 re-

10 2532 80 2583 dum.
117 2534 145 2582 V.
163 2533 195 2583 ad
212 2536 231 2583 l.
248 2534 295 2594 tt,
310 2542 351 2585 del.
370 2537 398 2583 ll.
420 2537 463 2593 ll,
479 2534 520 2586 27.
610 2534 727 2583 ferendus
743 2545 781 2583 eet
796 2535 829 2583 ud
847 2534 942 2601 plures,
961 2538 1047 2603 quibus
1063 2539 1100 2586 ius
1118 2540 1179 2589 illud

62 2604 165 2653 cibarius
176 2603 258 2669 mnis]
274 2606 383 2653 Dnen'siue
397 2620 477 2669 comp.
496 2601 584 2652 lsidor.
609 2603 704 2668 nigrum
722 2602 902 2669 apponebatur.

10 2669 80 2735 orig.
96 2670 158 2720 ΧΧ.
178 2687 200 2721 c.
211 2676 244 2721 ’λι
263 2671 333 2720 Punic
352 2671 455 2720 cibarius
472 2681 524 2730 est,
543 2671 584 2737 qui
659 2686 739 2720 currus
752 2675 782 2719 ab
794 2672 892 2737 lurotu]
909 2670 940 2721 ud
956 2672 1022 2721 cuius
1035 2671 1114 2739 ripum
1126 2675 1179 2724 La-

10 2736 44 2787 ud
71 2736 150 2787 cibum
174 2738 251 2788 servis
275 2738 361 2799 dcitur,
388 2756 434 2787 nuc
455 2738 583 2790 delicatus.
609 2738 824 2788 cedeernoniorum
842 2738 1120 2791 iurentusoeexercere
1135 2759 1179 2792 εο-

10 2804 110 2863 celet,
127 2808 170 2856 to:
188 2804 366 2855 infirmissimus
383 2806 486 2855 ciburius
502 2806 582 2872 punis.
607 2806 683 2855 lebet.
717 2810 821 2857 h'tidiut.
866 2808 913 2857 Pro
938 2812 968 2857 oh
991 2812 1078 2859 Eurota
1098 2811 1178 2861 Bentl.

10 2890 33 2922 o.
45 2872 92 2925 ¹29:
112 2874 202 2938 (rionis)
222 2873 327 2923 cibarius
346 2874 384 2923 rel
402 2874 547 2926 hordaceus.
607 2872 740 2939 legendum
755 2884 826 2941 putet
841 2877 874 2925 rtd
881 2879 1008 2926 Eurotam:
1026 2895 1098 2944 quium
1115 2897 1180 2928 con-

60 2940 190 3010 Socrulem]
208 2942 415 3001 ltin.lt.·te',tth:
434 2942 507 2991 aridio
522 2946 582 3008 (So-
607 2942 726 2991 lecturam
752 2944 782 2993 D.
804 2942 867 2991 Lull.
885 2946 928 2993 W.
948 2948 991 2993 Or.
1016 2956 1178 3009 receperunt3

10 3008 113 3071 entem)
126 3009 259 3069 dicentem,
275 3008 324 3059 cibi
334 3010 520 3059 condimentum
530 3027 582 3059 csse
607 3008 651 3059 sed
669 3028 698 3059 ee
716 3010 816 3059 minime
831 3026 892 3073 opus
910 3020 955 3059 est.
991 3011 1088 3075 Optime
1106 3014 1179 3061 Erne-

10 3076 110 3137 lumem,
127 3076 236 3143 potionis
252 3076 326 3127 sitim.
348 3077 472 3143 Porphyr.
488 3077 583 3126 ‹lenh-
607 3082 680 3128 slius:
707 3094 790 3126 cursus
813 3076 911 3125 videtur
933 3076 1030 3125 initium
1053 3076 1179 3142 cepissent

10 3144 66 3193 ttin-
84 3144 116 3204 3,
133 3147 179 3195 20:
204 3143 349 3211 Σωκράτης
364 3138 427 3207 ὄψον
442 3146 539 3211 τροφῆς
553 3144 582 3198 τὸ
609 3145 662 3210 ripn
673 3146 789 3203 Eurotae,
808 3144 839 3191 ud
856 3160 927 3208 quarn
942 3143 1062 3193 sedebunt
1078 3155 1179 3211 spectu·

10 3209 95 3279 πεινῄν
122 3210 213 3277 [nereo.
246 3212 365 3279 Xenoph.
382 3214 547 3263 Commeutur.
564 3214 583 3262 l.
608 3222 682 3262 tores.
709 3210 776 3259 Mule
790 3214 895 3261 litoreus
909 3215 939 3260 ob
950 3215 1038 3261 Eurota
1053 3211 1179 3280 interpre-

10 3282 41 3335 5.
59 3282 89 3329 io:
115 3277 159 3329 καὶ
175 3278 217 3331 ἐπὶ
232 3277 315 3331 τούτω
332 3274 399 3331 οὕτω
422 3297 582 3346 παρασκευα-
609 3290 677 3330 tatur
692 3282 760 3341 trinos
776 3282 828 3329 dem
846 3282 903 3329 Eur·
940 3282 1070 3329 lt'eeenb.
1089 3283 1140 3330 Em.
1158 3284 1178 3331 l.

10 3339 175 3412 τμένοςῇει,
193 3340 257 3405 ω”ςτι
273 3332 319 3412 riht
335 3344 467 3415 ἑπιὲυμὶαν
484 3348 528 3399 τοῦ
544 3348 581 3399 σί·
607 3366 632 3413 p.
650 3348 692 3397 tl.
719 3346 801 3396 locum
826 3348 862 3395 sic
887 3347 1065 3395 emendundum
1092 3359 1177 3413 putat:

10 3431 53 3467 του
81 3405 144 3475 ὄψον
167 3408 239 3483 αὐτῷ
266 3410 336 3467 εἶναι.
371 3416 514 3465 Athenaeus
539 3417 580 3466 tv.
606 3418 776 3476 Leborino,
794 3429 875 3463 cursus
893 3417 932 3461 od
950 3417 1118 3477 Eurotam,
1138 3432 1178 3467 su·

10 3500 32 3549 n.
49 3480 104 3531 157.
122 3481 148 3527 E.
169 3482 267 3547 (volt.
285 3482 378 3548 nent.
397 3483 496 3547 Diocli:
521 3483 581 3535 Σω-
606 3487 658 3544 dor,
674 3486 764 3545 somer,
781 3485 845 3541 ritis,
862 3480 918 3546 quin
935 3497 964 3528 ex
981 3481 1075 3546 vulgari
1090 3484 1178 3533 ordine

10 3545 107 3614 κράτης
129 3546 219 3601 δὲκαὶ
242 3544 360 3609 πολλάκις
376 3547 580 3620 κατελαμβάνετο
606 3560 724 3600 venantes
734 3559 829 3598 teritum
840 3548 1037 3609 Lacedaemonii,
1052 3568 1102 3601 non
1117 3550 1178 3601 item

10 3619 194 3681 διαπεριπατῶν
219 3616 327 3681 ἑσπέρας
344 3618 450 3684 §othelee
467 3616 514 3683 πρὸ
533 3620 581 3683 τῆς
606 3628 739 3675 currentes,
757 3616 882 3666 sudavisse
896 3616 1024 3667 dicautur:
1043 3636 1105 3686 quae
1119 3620 1178 3686 qui-

10 3684 90 3742 οῑκέας
107 3682 229 3750 καὶπρὸς
245 3682 304 3743 τούς
319 3686 526 3752 curtahen-frou?
546 3687 581 3739 Tt
605 3686 661 3736 dem
677 3685 741 3735 ratio
757 3684 870 3735 subtilior
886 3684 946 3735 inihi
964 3685 1076 3749 videtur,
1104 3706 1177 3755 quum

10 3750 143 3817 εηνοιάδες
161 3752 246 3819 ἔλεγεν
265 3746 328 3815 tono
346 3751 458 3819 συνάγειν
472 3753 535 3821 πρὸς
549 3752 578 3807 τὸ
605 3754 695 3805 verior.

10 3824 114 3875 sermon.
655 3828 680 3872 ut
689 3824 799 3885 quiequid
811 3826 921 3874 obiectum
932 3822 976 3889 eet]
995 3823 1027 3871 H.
1037 3840 1058 3870 e.
1075 3831 1102 3870 ut
1117 3823 1177 3886 toli-

58 3902 172 3948 opeonure
189 3890 286 3953 semem!
314 3888 346 3939 Η.
360 3908 381 3940 e.
400 3891 491 3941 fonnem
510 3891 578 3959 quusi
605 3890 672 3956 qnidt
690 3890 814 3939 obiectum
831 3901 876 3945 est,
894 3890 1004 3951 quicquid
1019 3895 1058 3939 ert.
1082 3889 1110 3936 V.
1121 3893 1176 3937 Stri-

10 3953 108 4007 ,obsonii
124 3954 181 4005 loco
197 3956 322 4007 adhihere.
357 3960 451 4009 schulz.
473 3958 499 4008 in
519 3962 579 4009 Lex.
604 3962 713 4017 reubero.
730 3955 762 4004 ud
776 3973 815 4025 ori
831 3973 876 4021 pro
889 3954 962 4003 Arch.
977 3972 1001 4019 p.
1015 3958 1070 4004 ld't.
1089 3964 1112 4002 et
1129 3970 1175 4002 noo

10 4023 124 4075 ciceron.
145 4040 167 4071 r.
185 4039 304 4087 opsonare.
604 4024 630 4073 iu
645 4024 689 4072 Gr.
705 4022 736 4070 L.
754 4025 775 4090 ᾗ.
791 4024 838 4074 lto
864 4024 921 4071 Not.
939 4023 960 4069 l.
980 4037 1004 4084 p.
1015 4020 1071 4071 393.
1109 4021 1176 4071 Fue-

59 4092 80 4155 ,οἳ
99 4090 139 4139 llrl.
166 4092 272 4159 philitiis]
290 4093 331 4142 sic
346 4105 414 4144 recte
431 4092 510 4143 edidit
528 4097 578 4152 On,
605 4100 677 4147 runt,
693 4088 734 4154 qui
750 4106 797 4155 pro
813 4090 921 4165 quicquid
943 4085 1074 4151 legendum
1094 4090 1175 4140 conii·

10 4158 44 4208 nti
70 4168 110 4207 oet
134 4156 158 4206 in
183 4160 210 4207 ll.
228 4160 253 4208 P.
272 4162 326 4210 Vnt.
345 4162 410 4213 Gnd.
430 4166 451 4215 l.
477 4161 580 4226 ullisque
606 4165 690 4208 cenent
706 4160 770 4219 quid,
787 4158 822 4205 uti
839 4168 916 4205 estin
932 4156 1033 4205 Mousti·
1054 4158 1174 4211 eretz:

10 4225 138 4294 permultis
154 4242 201 4292 pro
215 4226 280 4294 vulg.
295 4232 408 4291 phiditr'ie.
431 4229 513 4279 Etiurn
521 4230 580 4278 Xo-
606 4223 673 4292 quod
685 4224 785 4273 minime
799 4223 953 4301 prohuudutn
969 4232 1013 4281 est.
1031 4228 1175 4291 trreeoertim

10 4294 111 4359 nophon
128 4312 184 4344 usus
202 4304 239 4345 eet
255 4298 334 4346 lbnmu
355 4297 383 4350 td
402 4298 522 4364 φιλὶτιον,
547 4292 580 4349 τὰ
605 4310 679 4361 quum
696 4293 806 4356 quioquid
820 4291 846 4340 in
860 4291 960 4358 reliquie
976 4292 1088 4343 omnibus
1103 4294 1176 4345 codd

10 4362 110 4429 pthlttot.
134 4365 164 4412 V.
180 4364 240 4413 Lex.
254 4364 373 4430 Xenoph.
391 4365 415 4415 h.
431 4383 455 4415 r.
472 4376 498 4414 et
512 4366 579 4415 lloo-
605 4361 708 4427 legetur.
740 4360 828 4427 Neque
844 4376 903 4409 vero
919 4360 1047 4426 probando
1062 4372 1101 4412 eut
1115 4379 1176 4412 een-

10 4432 67 4481 titrm
84 4429 109 4477 in
119 4429 211 4480 lnd.od
219 4432 284 4482 Xen.
300 4432 332 4482 de
341 4434 403 4499 llep.
414 4433 473 4481 Lac.
488 4449 513 4496 p.
521 4432 578 4483 333.
604 4430 682 4479 tentio
698 4432 764 4479 Μαι.
773 4430 905 4490 Sennium,
919 4427 961 4496 qui
975 4429 999 4478 in
1011 4428 1176 4481 Commentut.

56 4501 109 4545 lure
124 4500 164 4545 illo
177 4500 254 4561 ntorot
273 4500 351 4566 ζωμῶ
360 4500 512 4559 Δακωνικῶ,
532 4500 579 4561 ξω·
605 4497 637 4546 de
660 4514 733 4564 pron.
750 4497 793 4546 Gr.
812 4507 838 4546 et
853 4498 909 4546 Lot.
932 4514 957 4561 p.
968 4494 1046 4561 indeq.
1071 4502 1176 4561 quimdiu

10 4564 47 4633 cni
64 4562 161 4629 μέλανι,
178 4582 202 4613 v·
211 4534 365 4617 Athenaeum
384 4566 428 4616 tx.
446 4584 471 4632 p.
480 4552 539 4619 379.
548 4568 576 4617 E.
604 4580 652 4631 pro
687 4563 816 4615 eonomine
832 4562 960 4613 indefinito
974 4561 1088 4628 accipere
1104 4563 1175 4613 vide-

10 4636 44 4685 tte
63 4629 185 4698 Dionysio
203 4650 226 4681 v.
242 4634 344 4685 hotoft
361 4636 439 4683 Sem.
456 4630 498 4684 29.
603 4642 653 4691 tur,
671 4649 697 4681 nn
716 4648 764 4695 qun
779 4630 901 4680 sententio
916 4629 992 4677 etiem
1009 4631 1175 4679 Μελανῆος
