2888 5512
207 285 269 352 992
646 285 768 336 cicun
788 286 831 334 nr.
848 282 896 344 ar,
915 283 955 332 ur.

210 430 291 495 tute,
323 415 363 478 illi
382 415 411 476 in
430 412 592 493 voluptate.
638 401 678 466 Et
701 404 741 465 illi
764 413 911 486 pugnant,
940 398 1101 481 etquidem
1119 397 1285 459 vicinorum
1306 395 1383 458 fidem
1430 384 1434 437 l

211 528 382 613 inrplorant3
406 521 488 584 multi
503 529 601 582 autem
616 524 696 593 sunt,
721 514 881 597 quistatim
898 511 1069 573 convolent.
1117 507 1183 591 Ego
1197 517 1264 570 sum
1279 507 1317 583 is,
1341 506 1385 590 qui

212 639 304 701 dicam
319 655 366 696 rne
383 654 441 695 tren
455 631 603 704 laborare,
628 629 750 688 uctrnn²
767 623 945 696 habiturum,
970 621 1045 704 quod
1059 620 1185 702 egerint.
1234 627 1289 679 51.
1314 614 1385 698 Quid
1431 654 1434 679 2

212 747 312 810 enim?
342 746 377 805 de
394 741 471 803 bello
488 737 602 801 Punico
627 735 741 818 agitur?
774 734 809 795 de
828 754 885 815 quo
901 732 964 815 ipso
992 752 1078 812 quum
1105 728 1182 790 alind
1203 725 1252 789 M.
1271 723 1386 805 Catoni,

213 855 289 921 aliud
306 852 345 916 L.
366 850 495 914 Lentulo
511 849 680 922 videretur,
707 844 784 905 nulla
804 843 951 903 intereos
974 839 1156 901 concertatio
1176 859 1305 921 unquam
1323 837 1384 898 trit.

216 964 253 1028 lli
275 963 363 1026 nimis
388 959 526 1023 iracunde
545 966 653 1040 agunt,
686 952 860 1038 praesertim
878 973 965 1034 quum
984 950 1019 1010 ab
1038 949 1073 1012 iis
1091 970 1150 1011 non
1173 968 1250 1010 sane
1264 947 1387 1010 animosa

215 1073 388 1138 defendatur
403 1067 568 1143 sententia,
594 1087 645 1149 pro
663 1085 719 1148 qna
737 1085 796 1124 non
813 1062 843 1123 in
863 1071 986 1138 senatu,
1018 1081 1078 1121 non
1094 1059 1121 1120 in
1140 1059 1305 1135 concione,
1334 1078 1388 1124 non

218 1184 292 1269 apud
311 1181 495 1256 exercitum,
520 1197 615 1263 neque
629 1175 690 1237 ιιι8
711 1191 852 1235 censores
870 1170 969 1232 dicere
985 1170 1122 1232 audeant.
1171 1165 1233 1231 Sed
1251 1190 1318 1231 eum
1331 1167 1391 1231 istis

217 1293 309 1385 alias,
341 1301 369 1353 et
391 1287 563 1372 ecquidem
587 1284 702 1360 arrirno,
738 1282 847 1345 nullum
871 1293 902 1343 ut
918 1291 1068 1343 certamen
1089 1278 1261 1357 instituam,
1294 1299 1390 1342 verere

218 1402 381 1466 dicentibus
403 1399 487 1461 lacile
507 1397 619 1459 eedem.
666 1393 794 1455 Tantum
814 1391 994 1454 admonebo:
1024 1389 1049 1452 si
1075 1389 1205 1451 maxime
1223 1409 1325 1452 rerum
1345 1389 1391 1466 sit,

219 1513 256 1577 ad
272 1532 378 1595 corpus
395 1508 492 1572 omnia
510 1508 623 1570 relerre
642 1504 821 1587 sapientem,
852 1502 934 1579 sire,
965 1511 996 1563 ut
1015 1499 1167 1563 honestius
1184 1499 1298 1577 dicam,
1327 1497 1392 1562 nibil

221 1624 337 1698 lacere,
362 1619 417 1682 nisi
438 1618 512 1700 quod
530 1616 686 1698 expediat,
711 1612 775 1674 sire
793 1610 892 1673 omnia
909 1612 1023 1672 referre
1038 1611 1072 1671 ad
1091 1609 1249 1672 utilitatem
1265 1613 1390 1685 seam‘,

198 1717 358 1813 ¹(quostiam
379 1727 452 1787 baec
475 1721 638 1806 plausibilia
662 1742 720 1782 nun
742 1730 829 1796 sunt,
868 1730 899 1782 ut
923 1719 952 1782 in
978 1721 1046 1783 sinu
1071 1719 1237 1804 gaudeant,
1268 1719 1390 1803 gloriose

222 1837 300 1921 loqui
323 1836 469 1898 desinant.

307 1941 417 2007 xxti.
464 1952 517 2005 52.
543 1938 778 2026 Cyrenaicorum
798 1949 889 2003 restat
906 1939 1071 2018 sententia,
1096 1940 1168 2023 qui¹
1188 1951 1249 2003 tum
1270 1942 1394 2023 aegritu·

222 2057 318 2120 dinem
334 2064 457 2118 censent
471 2051 631 2128 exsistere,
656 2051 682 2113 si
697 2049 871 2134 necopinato
887 2050 954 2132 quid
972 2049 1118 2114 evenerit.
1165 2048 1223 2113 Est
1240 2051 1268 2113 id
1284 2051 1392 2134 quidem

291 2233 355 2282 ²L.
374 2230 542 2281 renitenter.
576 2226 651 2278 Male.
687 2228 716 2275 V.
733 2225 798 2276 ndn.
832 2224 908 2277 3sic
928 2230 971 2277 Or.
988 2244 1010 2277 c.
1026 2228 1054 2277 R.
1069 2227 1125 2277 Vet.
1144 2227 1246 2277 cudi.
1263 2228 1288 2277 b.
1307 2237 1332 2279 et
1347 2227 1395 2277 alib

224 2300 347 2368 plerisque
362 2297 437 2349 codd.
454 2306 479 2345 et
497 2294 581 2362 paucis
597 2294 655 2344 edd.
672 2304 733 2343 vett.
748 2311 795 2360 pro
813 2293 872 2360 vulg
897 2298 971 2357 epod
997 2296 1027 2343 V.
1040 2294 1103 2344 adn.
1139 2294 1303 2346 (immerito
1325 2296 1395 2346 Βοιὼ,

223 2367 299 2418 rerba
315 2371 363 2417 siue
378 2369 458 2415 onata
474 2392 506 2403 -
521 2378 591 2414 seem
608 2378 654 2429 pro
670 2362 751 2427 glossn
771 2361 865 2411 habuit.
901 2361 1028 2411 Eiusmodi
1050 2361 1231 2412 redundantiae
1247 2381 1289 2433 ap.
1303 2364 1331 2413 (ἰ
1348 2364 1396 2415 tre-

224 2446 328 2502 quentes
347 2450 416 2497 esse,
434 2441 503 2482 recte
520 2439 609 2481 munet
625 2432 715 2480 Nissen
751 2430 836 2478 xxu.
873 2430 926 2479 ir.
947 2430 1010 2479 ndu.

276 2538 305 2584 et
323 2537 357 2583 illi
373 2531 491 2599 pepnenl]
507 2530 623 2598 Epicurei
639 2529 731 2580 acriter
743 2541 799 2579 stu·
827 2533 937 2593 ll'elfies:
956 2529 981 2579 in
998 2547 1047 2596 qne
1061 2529 1101 2579 vel
1118 2528 1281 2583 tlel'endende
1296 2533 1335 2583 vel
1352 2549 1396 2600 op·

224 2600 343 2666 diuaeque.
366 2618 440 2666 qnam
464 2609 627 2665 succeperunt
651 2598 800 2648 seutentiam
824 2597 959 2665 pugnanda
977 2598 1052 2647 facile
1069 2599 1241 2648 vehementius
1257 2610 1397 2650 moresntm

223 2665 378 2720 delerrdnnt;
396 2684 443 2731 ege
456 2677 549 2725 contre,
567 2665 627 2714 enlli
642 2675 725 2714 certae
738 2681 801 2714 een-
826 2665 907 2716 snimi.
936 2666 1024 2732 Neque
1039 2670 1139 2717 Nissenit'
1154 2667 1331 2733 interpretatio
1346 2669 1397 2736 pln-

223 2742 332 2781 secrates
357 2732 517 2796 disciplinae,
542 2732 563 2780 si
582 2732 719 2781 rationibus
737 2750 801 2782 cen·
828 2742 875 2789 cet,
894 2732 937 2799 qui
954 2733 1004 2782 ita:
1025 2734 1120 2793 „Tutin
1139 2752 1202 2800 qnae
1220 2736 1245 2784 ri
1260 2753 1305 2785 sua
1320 2735 1398 2785 etdi-

224 2794 303 2849 iietus
329 2814 388 2857 ere,
416 2797 490 2846 facile
507 2797 594 2847 cedern
611 2799 751 2847 sententiae
768 2799 802 2849 il·
826 2800 923 2867 gnitate
934 2800 1042 2850 animum
1054 2812 1163 2869 patrono
1175 2820 1222 2851 sne
1235 2802 1316 2853 addit.
1344 2803 1398 2870 Epi·

224 2867 314 2917 lerum.
828 2883 957 2918 cuneorum
976 2885 1037 2917 vern
1054 2869 1179 2919 sententia
1195 2870 1255 2919 talis
1276 2882 1332 2931 ert,
1357 2888 1399 2938 pre

275 2932 394 3000 leberere]
411 2935 530 2983 Leberere
546 2941 583 2980 est
599 2930 625 2981 lr.
642 2932 658 2981 l.
676 2931 801 2981 laboriose
827 2952 875 3001 qna
893 2934 992 2999 publice
1010 2935 1092 2985 dicere
1110 2954 1161 2986 non
1180 2938 1299 2989 audeant.
1332 2940 1400 2988 Hunc

226 3019 343 3070 pugnare.
378 3006 461 3052 dotem
476 3001 612 3051 mortomar
635 3002 698 3062 qeed
715 3004 802 3062 egerint
826 3019 925 3051 sensnm
944 3003 1084 3068 elilagitant
1098 3004 1228 3072 sequentia
1246 3016 1272 3057 et
1286 3006 1398 3073 quaele-

226 3081 266 3121 eat
283 3087 335 3121 rem
352 3068 383 3119 ab
402 3066 528 3134 Epicureis
549 3077 630 3118 actam
655 3067 709 3133 (ie
737 3084 801 3117 eun-
826 3080 919 3148 guntur
935 3070 960 3118 in
979 3071 1034 3119 itu.
1055 3075 1084 3120 ll.
1102 3076 1144 3131 22,
1161 3070 1223 3124 tls·
1251 3074 1292 3123 cf.
1312 3071 1397 3124 idnet.

228 3138 391 3188 certationem
418 3135 451 3184 ab
476 3134 506 3184 iis
532 3134 644 3185 studiose
671 3134 800 3201 agitatam)
826 3154 851 3187 ιιι
870 3138 912 3188 Ν.
930 3136 978 3198 Ὶ3,
996 3139 1037 3189 51.

226 3215 376 3253 transactam
390 3201 593 3255 existimaturum.
622 3203 688 3252 Bene
703 3206 804 3253 &alies
877 3206 944 3266 eped
960 3210 1088 3256 exereitum
1096 3235 1136 3268 -,
1152 3209 1186 3256 ert
1199 3223 1306 3259 censeres
1318 3210 1400 3274 dicere]

228 3270 353 3328 observat,
370 3269 516 3319 Ciceronem
530 3269 555 3320 h.
570 3270 586 3321 l.
603 3269 628 3319 le
647 3271 670 3320 ui
684 3280 802 3336 tanquam
829 3272 940 3337 Utraque
957 3273 1109 3338 praepositio
1124 3274 1251 3339 signilicat
1265 3291 1355 3337 eoeern,
1371 3292 1400 3326 ee

227 3335 307 3384 virum
323 3334 348 3383 in
366 3335 418 3385 alte
435 3335 562 3401 dignitatis
579 3289 658 3402 gratie
675 3337 801 3388 constitu·
826 3348 910 3388 temen
927 3338 1081 3396 discrimine,
1100 3350 1128 3388 ut
1141 3342 1177 3399 is,
1195 3343 1239 3409 qui
1256 3347 1324 3405 eped
1337 3358 1400 3394 eree·

217 3410 295 3457 ¹turn,
322 3400 361 3449 cei
379 3401 482 3452 odiosae
498 3404 548 3452 sint
566 3405 709 3455 umbratiles
726 3405 803 3454 sebo·
826 3411 898 3458 eilttm
912 3406 995 3468 dicat,
1013 3427 1027 3457 e
1043 3408 1161 3458 militibus
1179 3410 1277 3460 cinctus
1290 3427 1344 3459 esce
1357 3420 1399 3458 aet

228 3468 306 3516 larum
324 3466 392 3517 rixae
407 3478 433 3517 et
449 3472 657 3524 concertationes.
686 3470 802 3522 Aliislo·
828 3474 894 3523 inter
910 3474 1001 3525 milites
1019 3475 1112 3525 versari
1129 3487 1248 3542 peterem
1271 3476 1398 3537 issutem,

229 3533 264 3583 cis
279 3533 343 3582 lianc
355 3535 507 3586 locutionem
525 3537 607 3603 legere
623 3558 663 3590 me
677 3557 728 3590 non
748 3556 803 3588 nte-
829 3540 871 3608 qui
887 3542 921 3590 ed
934 3557 1038 3593 censeres
1056 3544 1136 3601 dicat,
1159 3562 1210 3594 non
1230 3546 1295 3594 inter
1310 3562 1401 3595 censo·

229 3598 297 3649 mini.
332 3599 439 3649 Wollius
456 3609 536 3651 eciem
551 3606 636 3655 bebere
654 3607 729 3656 vertit
745 3623 802 3672 per:
830 3625 882 3668 res,
901 3607 947 3657 sed
964 3609 988 3658 in
1007 3627 1092 3660 eorum
1109 3612 1298 3680 propinquitate
1313 3612 1401 3663 rersaii

228 3667 277 3718 rien
293 3667 372 3714 litwes
392 3669 492 3741 qpfellen
513 3671 605 3729 terren,
630 3675 670 3734 sttr
690 3677 805 3737 ebgellten
830 3685 938 3745 putetur.
982 3679 1100 3744 Exempla
1123 3678 1252 3746 utriusque
1292 3680 1401 3747 caeperi-

228 3735 314 3787 ltellen.
341 3731 446 3780 Orellres
465 3745 607 3797 comparat:
626 3744 705 3787 eeturn
722 3746 763 3796 est,
781 3755 805 3789 es
831 3743 906 3793 tionis
921 3743 1022 3811 collegit
1036 3749 1145 3801 liendies
1160 3744 1261 3800 inans
1287 3748 1305 3797 l.
1320 3747 1401 3799 Voti.

229 3806 259 3854 tre
274 3801 404 3863 ebpe'tben,
426 3801 482 3848 eber
498 3801 577 3848 Ntcttr
592 3806 746 3863 eusperieblet
767 3808 805 3870 lut
830 3829 855 3877 p.
872 3810 906 3862 93
918 3828 973 3878 sqq.
992 3823 1018 3861 ee
1035 3829 1059 3880 p.
1072 3813 1130 3864 407,

228 3873 288 3932 seit,
303 3869 384 3932 viril).
880 3881 971 3929 nedem
989 3887 1014 3929 ut
1025 3887 1146 3931 certamen
1163 3884 1304 3945 instituere,
1324 3892 1402 3935 emm

279 3938 301 4002 p.
314 3937 355 3990 51.
382 3938 445 4004 Quid
459 3936 553 4001 enimi]
573 3934 596 3983 N
599 3952 630 3984 on
644 3936 708 3988 eninr
722 3938 805 4005 agitur
828 3946 875 3993 die.
889 3948 907 4006 s.
921 3950 1015 4012 cedern]
1034 3951 1069 3995 De
1080 3947 1189 4012 eleganti
1200 3950 1336 4001 verborum
1350 3950 1402 4001 cel-

230 4019 295 4055 nune
313 4003 345 4051 de
363 4004 513 4069 reipublicae
529 4018 628 4061 mussa,
646 4003 672 4052 in
689 4024 736 4073 qna
753 4008 803 4057 acri
828 4010 954 4062 locatione
970 4018 1062 4065 nullutn
1077 4021 1102 4064 ut
1127 4032 1149 4063 v.
1172 4015 1204 4065 ad
1225 4019 1243 4066 l.
1262 4026 1295 4077 et,
1317 4016 1353 4070 lin
1377 4026 1400 4067 et

230 4071 410 4120 concertationi
439 4071 628 4136 sententiaeque
658 4089 803 4140 propugna-
829 4078 861 4127 dc
881 4080 1005 4145 asyndeto
1032 4081 1074 4147 (de
1092 4082 1185 4132 omisso
1201 4084 1254 4147 sedl
1280 4103 1307 4133 v.
1323 4083 1399 4135 adil.

228 4132 645 4204 tionilbciliurlocnsdarip'ossit3
663 4157 802 4206 quanquam
828 4146 861 4203 ¹2,
880 4146 904 4196 5.
941 4149 1021 4198 Etiam
1039 4149 1208 4214 paullopose:
1235 4156 1328 4204 enm
1338 4164 1399 4213 pmi-

229 4199 256 4251 tu
278 4201 421 4264 gravissima
444 4204 476 4252 de
500 4205 566 4254 bellu
590 4204 683 4255 Punico
709 4225 801 4271 caussa,
828 4214 914 4273 deent,
930 4219 1029 4275 gloriere
1044 4220 1107 4279 loqrrt
1122 4219 1242 4267 desinent.

140 4328 142 4336 Ι
229 4283 304 4333 quem
318 4267 386 4317 eliud
402 4270 437 4316 M.
448 4271 551 4332 Catoni,
571 4272 637 4323 alind
655 4275 684 4323 L.
697 4274 803 4324 Leettrle
879 4283 904 4329 in
920 4286 1120 4346 einngeedeentl
1143 4285 1175 4333 Il.
1191 4302 1213 4333 e.
1232 4304 1335 4348 secum,
1350 4283 1403 4353 pri-

228 4330 369 4391 rideretur,
397 4334 464 4383 nulla
488 4336 555 4386 inter
580 4355 623 4387 eos
649 4342 802 4392 concertatio
829 4345 906 4395 ratim
934 4350 1046 4415 (proprie
1063 4338 1185 4414 ereleqee
1202 4356 1258 4403 sine
1277 4353 1403 4416 ebnelelel.

228 4416 334 4468 unquam
354 4400 410 4450 full·
830 4413 965 4480 Compensat
981 4421 1057 4467 dieser
1072 4417 1164 4468 Tibull.
1183 4421 1224 4469 lV.
1242 4422 1282 4479 te,
1294 4428 1327 4473 e:
1345 4438 1405 4488 pre-

260 4469 520 4533 .ent'ntesesenlenlt'e]
540 4486 600 4519 seue
615 4473 690 4523 ririlie
706 4486 731 4525 et
747 4495 801 4526 ma·
830 4479 868 4529 cul
883 4480 947 4529 obsit
963 4484 1044 4546 glorie
1059 4485 1141 4552 vulgi;
1164 4486 1212 4547 Qui
1227 4488 1304 4554 sapit,
1323 4489 1350 4538 in
1365 4498 1405 4539 ta·

228 4535 302 4589 seula.
339 4534 418 4587 Aliter
434 4539 561 4599 Erneslies,
581 4539 619 4589 cni
637 4541 803 4610 adstipulatur
829 4545 880 4597 cito
898 4549 1006 4612 guirdeut
1022 4552 1064 4602 ille
1078 4553 1141 4603 sinu.
1167 4555 1286 4621 Prop.1l.
1303 4556 1405 4619 ἳό,3οῑ
