2888 5512
474 711 518 757 Al)
538 708 748 758 LUDOLPHUM
767 710 956 759 ntsssutum.
1239 702 1301 759 Xlll

133 872 217 947 qnae
251 850 297 921 ad
322 848 558 921 accuratiorem
592 872 703 920 rerum
737 850 779 920 ad
812 848 1053 944 philosophiam
1084 855 1301 946 spectantium

122 986 362 1091 cognitionem
384 984 606 1080 pertinerent,
632 992 688 1057 aut
702 1008 742 1057 ne
758 986 861 1057 uerbo
881 985 1012 1078 quidem
1028 987 1124 1083 tetigi
1144 997 1201 1062 aut
1217 1014 1299 1085 pau-

136 1122 282 1197 cissimis
306 1122 506 1218 perstrinxi,
537 1144 634 1193 nemo
657 1145 754 1211 sane,
789 1122 835 1212 si,
870 1122 959 1214 quod
978 1124 1014 1194 in
1031 1124 1221 1200 adornanda
1240 1128 1303 1201 hac

115 1324 118 1329 .
137 1260 284 1334 editione
306 1265 439 1332 secutus
455 1256 574 1330 luerim
588 1258 778 1348 consilium,
811 1282 920 1331 secum
939 1263 1159 1354 reputaverit,
1191 1266 1226 1337 in
1244 1290 1298 1338 re-

134 1396 392 1493 prehensionem
416 1394 555 1469 vocabit

240 1532 404 1628 Reliquae
426 1530 655 1604 adnotationes
682 1532 892 1605 continentur
908 1532 976 1605 lere
994 1537 1170 1631 aperienda
1187 1540 1298 1635 expla-

137 1670 314 1764 naudaque
335 1668 541 1742 diceromani
563 1670 726 1741 sermonis
747 1693 782 1741 ao
803 1672 1049 1744 consuetudinis
1070 1674 1123 1746 vel
1145 1678 1297 1771 proprie-

135 1814 205 1879 tate
232 1806 289 1879 rel
311 1804 482 1900 elegantia.
533 1804 670 1877 Etenim
692 1804 806 1877 Gicero
826 1811 859 1877 et
876 1804 1014 1879 habetur
1036 1815 1068 1879 et
1091 1817 1149 1902 est
1166 1812 1196 1883 is
1213 1815 1297 1886 seri-

138 1951 233 2038 ptor,
259 1942 322 2036 qui,
349 1941 503 2036 quoniam
515 1943 552 2013 in
566 1941 655 2013 omni
667 1939 737 2013 lere
752 1941 939 2013 litterarum
954 1966 1073 2037 genere
1088 1956 1311 2027 monumenta.

137 2078 285 2172 reliquit,
312 2102 407 2171 quae,
430 2085 469 2150 ut
485 2101 596 2150 rerum
613 2078 914 2171 sententiarumque
930 2085 969 2155 et
979 2080 1140 2175 grauitate
1165 2091 1196 2155 et
1218 2109 1300 2169 sua-¹

139 2216 241 2289 ritate
268 2221 301 2286 et
320 2238 402 2287 roro
420 2214 563 2286 utilitate
581 2215 747 2309 praeclare
772 2238 844 2286 sese
868 2217 1113 2308 commendant,
1137 2220 1183 2291 ita
1199 2245 1294 2317 egre-

138 2352 193 2449 gio
209 2352 426 2445 omnibusque
444 2351 591 2423 numeris
609 2374 645 2422 ac
664 2350 812 2445 partibus
827 2351 1067 2446 perfectissimo
1091 2354 1218 2428 dicendi
1238 2383 1296 2453 ge.-
1322 2380 1326 2389 ·

138 2512 217 2563 nere
235 2488 379 2575 enitent,
410 2494 565 2581 tanquam
584 2487 747 2581 exemplar
768 2486 864 2559 nobis
881 2488 1072 2580 propositus
1092 2513 1164 2562 esse
1189 2494 1295 2583 debet,

139 2626 183 2698 ad
198 2626 296 2719 quod,
310 2632 466 2718 tanquam
481 2623 524 2696 ad
538 2646 698 2713 normam,
714 2620 827 2695 Latini
845 2624 1007 2695 sermonis
1023 2625 1191 2720 ingenium
1208 2630 1295 2703 diiu-

138 2763 283 2835 dicemus
299 2768 334 2832 et
347 2783 443 2833 omne
456 2766 609 2832 nostrum
624 2759 773 2831 imitandi
788 2759 932 2830 studium
949 2760 1199 2837 conformemus.
1252 2767 1294 2841 ln

139 2898 253 2995 prioris
278 2896 419 2991 scripta,
455 2919 536 2990 quae
557 2902 636 2968 sumt
653 2896 692 2967 de
708 2894 932 2991 philosophia,
967 2901 1127 2991 aequabili
1153 2905 1293 2995 quodam

137 3042 169 3107 et
182 3040 366 3129 temperato
384 3033 513 3105 dicendi
527 3055 646 3128 genere
662 3033 852 3127 composita,
865 3039 956 3103 tanta
971 3034 1183 3129 iucunditate,
1200 3046 1291 3113 tanto

138 3171 268 3267 lepore,
299 3176 350 3242 tet
369 3170 509 3263 denique
528 3169 687 3242 erationis
707 3169 884 3241 veneribus
903 3169 1048 3262 elucent,
1081 3182 1136 3266 ut,
1169 3185 1291 3268 quanto

137 3308 260 3381 diutim
276 3307 314 3378 in
332 3306 479 3401 legendis
498 3305 545 3377 eis
562 3312 714 3379 versatus
731 3303 852 3395 laseris,
879 3312 969 3376 tanto
984 3310 1109 3380 maiore
1126 3310 1292 3381 detineare

90 3414 98 3529 l
136 3443 362 3516 delectatione.
414 3441 522 3534 Quare
543 3441 682 3513 multum
700 3464 819 3535 operae
839 3440 932 3528 deli,
963 3448 1017 3531 ut,
1052 3467 1134 3533 quae
1155 3445 1291 3515 maxime

90 3538 96 3639 l
137 3579 274 3675 propria
301 3584 412 3650 essent
436 3578 642 3651 ciceroniani
667 3574 848 3664 sermonis,
881 3575 950 3647 sive
983 3600 1019 3647 ea
1045 3579 1292 3655 continerentur

90 3646 97 3809 l
134 3714 294 3810 loquendi
309 3712 477 3805 formulis,
509 3714 580 3786 sive
601 3714 778 3786 verborum
799 3713 1082 3788 consecutionibus
1102 3723 1135 3788 et
1153 3719 1291 3791 circum-

90 3838 94 3899 l
134 3851 386 3947 scriptionibus,
420 3851 594 3946 diligenter
611 3850 652 3921 ad
674 3872 711 3919 ea
730 3850 935 3920 adverterem
957 3850 1212 3926 adolescentium
1237 3855 1291 3926 in·

90 3974 92 3997 '
135 3988 240 4085 genia.
295 3985 383 4079 Quae
406 3987 537 4079 quidem
553 3986 792 4083 interpretandi
814 3985 898 4057 ratio
920 3985 997 4058 licet
1020 3987 1122 4061 multa
1140 3989 1290 4085 attingat,

135 4146 215 4219 qnae
233 4123 276 4215 ei,
302 4124 393 4196 maius
408 4124 574 4219 ingenium
591 4146 609 4193 a
623 4122 735 4194 Latini
750 4121 913 4194 sermonis
928 4122 1099 4218 elegantiis
1114 4133 1147 4196 et
1160 4123 1290 4199 festivi-

135 4260 256 4333 tatibus
281 4259 455 4349 abhorret,
487 4258 647 4331 minutula
669 4282 704 4329 ac
727 4258 839 4352 putida
867 4257 1058 4354 uideantur,
1091 4268 1201 4333 tamen
1219 4283 1290 4333 eam

90 4454 94 4473 .
138 4416 232 4468 unam
251 4396 468 4469 certissimam
491 4396 533 4467 ad
555 4401 705 4468 veterum
728 4394 926 4488 scriptorum
950 4395 1201 4491 intelligentiam
1216 4419 1289 4467 mu-

102 4574 105 4581 ·
137 4530 205 4604 rire
221 4532 310 4605 viam
329 4531 652 4623 efficacissimumque
669 4530 710 4602 ad
730 4536 855 4601 mentes
872 4530 1035 4604 iuveniles
1049 4534 1211 4606 acuendae
1228 4558 1289 4629 po-

138 4662 324 4763 liendasque
343 4675 376 4739 et
393 4674 564 4741 venustate
581 4666 771 4739 imbuendas
785 4689 902 4761 parare
922 4664 1177 4742 instrumentum
1193 4693 1288 4742 nemo

146 4798 335 4877 luib'alritur.

232 4940 324 5014 llaec
343 4918 525 5031 leresunt,
552 4964 633 5032 quae
653 4941 692 5011 de
710 4939 847 5011 consilio
870 4945 902 5010 et
919 4942 1064 5032 ratione,
1097 4941 1133 5011 in
1153 4938 1289 5009 edendis
