2946 5550
496 1816 808 1906 PRAEFATIO

363 1986 405 2047 ru
431 1988 649 2048 urrunnu
679 1988 946 2049 surrrouuu.

576 2230 726 2237 ...ὴ-..-

174 2413 284 2487 Pauca
298 2423 395 2505 sunt,
421 2437 503 2508 quae
519 2415 594 2488 huic
607 2439 714 2489 noune
732 2418 869 2490 editioni
887 2419 1125 2512 praemittenda
1143 2422 1231 2493 duri.

172 2551 222 2624 Ac
235 2551 378 2646 primurn
395 2552 526 2646 quidem
546 2553 582 2624 in
595 2550 783 2626 'Wolfianae
807 2553 1010 2626 recensionis
1028 2554 1136 2626 locum
1153 2558 1232 2628 sub-

64 2687 270 2761 stituendam
284 2688 399 2784 putavi
415 2686 627 2762 Orellianam.
679 2688 762 2761 Nam
776 2688 907 2762 tametsi
922 2689 1081 2781 wolfius,
1107 2691 1160 2765 uir
1175 2716 1232 2764 ar·

69 2824 115 2895 tis
138 2824 268 2897 criticae
290 2847 378 2897 uuus
403 2825 624 2920 peritissimus
645 2823 917 2920 ciceronimique
941 2827 1104 2900 sermonis
1127 2831 1229 2922 probe

68 2983 212 3055 gnorm,
245 2962 500 3035 innumerabiles
520 2961 783 3035 Tusculanarum
800 2963 891 3035 locos
908 2963 1082 3055 sordibus,
1113 2966 1167 3038 vel
1187 2967 1232 3037 li-

66 3098 254 3170 brariorum
274 3105 411 3193 stupore
436 3098 491 3171 uel
508 3098 649 3171 aliorum
666 3098 837 3171 bominum
859 3100 944 3172 mala
969 3100 1143 3174 sedulitate
1163 3102 1227 3175 im-

69 3234 228 3328 portatis,
253 3235 407 3307 liberavit
425 3233 658 3328 Ciceronisque
678 3259 812 3308 manum
835 3237 998 3330 restituit3
1023 3244 1133 3311 tamen
1160 3262 1229 3312 uon
1318 3266 1321 3271 ·

69 3371 179 3443 omnia
199 3372 246 3444 ita
260 3371 395 3444 bremont
408 3372 448 3443 ab
465 3394 505 3443 co
520 3377 737 3467 perpurgata,
763 3379 800 3444 ut
817 3374 1030 3466 sequentibus
1048 3374 1228 3446 editoribus

67 3509 176 3581 omnis
198 3508 437 3581 emendationis
461 3507 599 3580 facultas
616 3531 652 3580 ac
675 3508 750 3579 iaus
774 3513 948 3602 praerepta
972 3506 1081 3580 videri
1103 3514 1228 3603 posset

70 3646 160 3716 Saue
185 3669 281 3737 quam
300 3643 404 3718 multa
425 3646 619 3718 resederant
635 3642 764 3732 ulcera,
798 3665 940 3735 quorum
964 3644 1083 3717 bonam
1100 3652 1228 3741 putem

67 3779 187 3852 brelbi
209 3781 314 3871 ames,
345 3780 478 3854 assidua
502 3779 794 3855 Ciceronianorum
815 3778 1014 3874 scriptorum
1035 3781 1175 3855 lectione
1195 3789 1228 3854 et

64 3918 302 3990 consuetudine
317 3920 448 3991 subacta
464 3941 499 3990 ac
518 3914 699 4011 perpolita,
724 3913 823 3987 nouis
839 3914 937 3987 ctiam
954 3916 1108 3990 adhibitis
1123 3943 1226 3991 mem-

64 4055 242 4126 branarum
261 4061 295 4126 et
316 4054 498 4127 editionum
514 4060 665 4126 ueterum
686 4050 860 4142 subsidiis,
887 4075 956 4124 non
973 4053 1081 4125 solum
1099 4057 1226 4151 sagaci-

64 4198 115 4262 ter
141 4190 327 4285 indagavit,
353 4191 413 4263 sed
438 4191 536 4261 etiam
561 4188 700 4260 feliciter
725 4189 767 4259 ad
793 4188 968 4260 sanitatem
993 4190 1150 4262 restituit.

165 4327 291 4400 Verum
307 4334 345 4399 ut
363 4326 480 4401 Orelbi
497 4324 652 4398 iudicium
666 4324 863 4416 criticaequc
877 4322 1064 4397 facultatem
1079 4327 1223 4420 suspicio

61 4470 98 4535 et
118 4464 347 4559 magnifacio,
371 4462 506 4535 itacius
531 4460 723 4534 auctoritate
742 4484 811 4533 non
831 4462 912 4532 adeo
940 4461 1011 4555 regi
1032 4484 1084 4532 me
1104 4484 1223 4555 passus

58 4623 155 4689 sum,
180 4607 304 4674 utrem
326 4624 455 4674 onmem
469 4605 669 4672 transactam
685 4599 853 4671 crederem
874 4597 910 4667 iu
924 4596 1055 4689 eisque,
1083 4621 1164 4690 quae
1183 4603 1221 4673 ab

58 4737 288 4812 eruditissimo
309 4739 383 4813 viro
399 4736 579 4810 constituta
594 4741 706 4808 essent
724 4740 821 4826 atque
840 4732 987 4823 decreta,
1013 4734 1223 4827 acquiescen-

58 4873 141 4946 dm
157 4881 357 4969 statuercm3
384 4874 443 4947 sed
458 4896 566 4946 meum
585 4871 656 4966 ipso
672 4876 804 4943 secutus
820 4869 993 4943 eonsilium
1008 4892 1123 4945 onmes
1137 4875 1223 4947 scri·

55 4972 188 5104 obuias,
213 5019 270 5084 aut
288 5019 437 5107 receptas
455 5010 493 5082 ab
510 5032 549 5080 co
565 5014 622 5080 aut
642 5005 791 5095 reiectas,
814 5005 980 5078 rationum
993 5007 1169 5080 momentis
1185 5007 1221 5077 in
