2888 5512
152 285 195 349 30
608 294 870 345 rnoneoonsus.

152 419 408 500 pnnurbationee,
436 425 472 475 ut
492 425 655 475 crescentes
675 415 735 474 rint
756 415 955 494 perniciosae,
985 414 1100 473 easdem
1119 415 1246 491 vitiosas
1272 441 1335 485 ease

152 530 313 582 nascentes.
334 517 365 598 5.
379 523 430 578 39.
444 522 497 578 tn.
517 539 544 576 c.
559 522 610 578 te.
654 517 765 577 Deinde
778 517 904 595 exponit
916 534 976 593 que
986 516 1252 594 perturbationum
1264 526 1332 584 uti.

150 626 263 684 litatem
285 620 451 681 defendunt
471 619 629 679 rationem.
650 604 653 609 ¹
672 619 785 678 Dicunt
807 618 949 677 nimirum
970 637 1018 676 eas
1037 638 1097 676 esse
1114 620 1242 682 ardores
1257 628 1329 686 ani.

150 745 267 784 morum
280 732 421 800 cotesque
429 721 592 790 virtutum,
614 730 650 780 ut
662 719 796 780 bomines
807 719 848 779 eis
859 719 1081 779 vehementiore
1092 721 1217 799 impetu,
1238 746 1328 804 qm

148 828 213 886 sola
227 826 303 885 duce
315 825 439 897 virtute,
460 822 498 881 ad
513 823 680 902 praeclaras
693 822 825 881 actiones
836 821 1002 881 incitentur
1024 821 1063 902 (c.
1079 821 1326 909 19.5.4ὅ.44.];

148 927 316 987 detendunt
333 936 429 984 tamen
445 944 492 982 eas
509 925 567 995 ita,
589 934 624 993 ut
643 924 816 983 resecandae
834 943 894 983 esse
908 925 1077 998 fateantur,
1099 925 1187 984 evelli
1206 933 1327 1005 penitus

149 1031 254 1089 dicent
270 1049 324 1087 nec
339 1047 425 1107 poree
447 1046 503 1085 nec
516 1046 592 1104 opus
612 1046 686 1102 esse,
714 1025 792 1085 etin
808 1024 947 1084 omnibus
966 1026 1029 1084 lere
1053 1026 1143 1085 rebus
1162 1029 1324 1090 mediocri-

150 1142 238 1190 tatem
260 1150 321 1189 esee
342 1129 486 1208 optimam
505 1128 683 1186 existiment.
703 1125 736 1206 5.
753 1131 805 1186 td.

231 1234 344 1290 Contra
360 1229 432 1288 haec
448 1251 465 1287 a
482 1229 585 1288 'l'ullio
597 1230 641 1288 ita
657 1229 832 1302 disseritur,
858 1237 896 1286 ut
910 1232 941 1302 a)
957 1228 1086 1306 primum
1103 1229 1321 1308 Peripatetico·

148 1354 217 1392 rum
232 1332 345 1392 rationi
364 1340 503 1410 opponet
519 1331 689 1390 Stoicorum
706 1331 743 1389 de
761 1329 992 1408 perturbatione
1006 1329 1225 1392 definitionem:
1247 1353 1322 1411 quae

147 1437 193 1496 ita
211 1446 293 1494 certa
310 1435 373 1508 vel,
398 1443 434 1491 ut
451 1433 618 1491 Academici
643 1433 765 1507 dicunt,
790 1432 855 1490 veri
875 1431 983 1490 similis
1003 1432 1056 1506 sit,
1085 1433 1225 1492 utnulla
1243 1446 1324 1514 egest

148 1537 401 1597 denonstretione
421 1525 564 1615 (ἆξίιιμιι,
595 1531 807 1612 postulatum):
836 1533 954 1591 senius
975 1533 1098 1612 singulis
1121 1536 1204 1595 notis
1227 1539 1322 1615 sequi,

148 1640 221 1698 lelsa
243 1658 310 1717 esse*
327 1657 377 1711 ea,
405 1654 480 1712 quae
504 1635 695 1712 Peripatetici
713 1635 750 1692 de
771 1633 1035 1712 perturbationum
1059 1634 1191 1694 utilitate
1213 1638 1322 1698 dicent.

147 1763 175 1800 c.
189 1746 242 1798 2¹.
262 1736 296 1817 5
312 1743 364 1799 tt.
406 1733 439 1814 β)
460 1736 536 1794 Τιιιιι
559 1735 688 1813 singulae
709 1736 953 1813 perturbationes
973 1747 1105 1796 recenset
1122 1740 1322 1818 ostenditque,

147 1860 236 1919 qnam
248 1839 352 1898 inanes
370 1838 431 1897 sint
447 1837 558 1915 quibus
573 1854 623 1895 eas
634 1857 652 1894 a
668 1846 778 1896 nature
799 1837 917 1896 utiliter
935 1836 1022 1897 datas
1035 1858 1097 1897 esse
1112 1840 1246 1918 probent
1267 1861 1322 1903 ra-

149 1943 255 2001 tiones.
298 1942 326 2016 a)
348 1940 410 1999 Iro.
434 1936 465 2018 5.
482 1942 533 1999 te.
571 1938 711 2017 Exempla
725 1938 921 2013 bellatorum,
942 1938 1158 2017 imperatorum
1175 1942 1322 2005 elionrm·

147 2062 205 2121 que
218 2041 388 2116 bonrinum,
410 2040 462 2118 qui
476 2040 539 2100 sine
551 2041 596 2099 ira
609 2040 845 2100 luculentissime
858 2040 1049 2100 fortitudinis
1062 2041 1242 2104 documenta
1256 2046 1323 2106 edi·
1340 2098 1345 2105 .

146 2145 267 2204 derunt.
311 2144 414 2220 llatio,
436 2162 512 2220 quas
526 2143 628 2217 docet,
650 2142 881 2203 contemnendas
900 2161 961 2202 ease
977 2160 1026 2201 res
1043 2143 1205 2221 bunnnae,
1226 2149 1322 2228 negli-

146 2247 269 2326 gendam
288 2255 427 2319 mortem,
455 2242 594 2322 patibiles
612 2254 642 2302 et
659 2244 777 2302 dolores
793 2253 824 2302 et
840 2244 956 2302 labores
970 2245 1137 2321 putandos,
1158 2247 1320 2308 fortitudi-

146 2366 213 2406 nem
230 2347 333 2420 effert,
361 2366 423 2404 non
441 2345 503 2418 ira,
531 2364 608 2422 qnae
619 2345 738 2405 rabiosa
752 2354 810 2405 est:
837 2345 895 2404 nisi
910 2346 1004 2420 sorte,
1030 2365 1106 2422 quae
1122 2347 1319 2427 vehementer,

145 2449 264 2521 aeriter,
287 2447 417 2504 animose
429 2446 515 2519 fiunt,
537 2445 681 2505 iracunde
694 2445 759 2503 fieri
770 2446 967 2525 suspicamur.
990 2467 1016 2506 c.
1030 2452 1081 2506 22.
1094 2453 1148 2508 23.
1190 2451 1320 2512 Enume-

146 2558 255 2607 rantur
268 2547 370 2606 verine
384 2547 554 2605 Stoicorum
572 2547 609 2605 de
623 2546 806 2605 fortitudine
822 2532 1026 2623 definitiones,
1049 2550 1190 2628 equibus
1205 2553 1316 2613 intelli-

145 2651 243 2728 gitur,
264 2668 326 2707 esm
341 2648 386 2706 ira
403 2669 464 2706 non
481 2667 574 2727 egere.
597 2669 621 2706 c⁴
636 2653 689 2708 rt.
709 2645 741 2727 5.
759 2654 811 2709 55.
853 2649 949 2708 Porro
965 2651 1132 2710 advocatur
1149 2653 1317 2715 Stoicorum

144 2750 301 2825 sententie,
323 2769 424 2808 omnes
440 2749 614 2828 insipienter
626 2769 688 2809 esse
705 2751 841 2812 insenos.
877 2751 1021 2829 Denique,
1043 2753 1158 2812 etiamsi
1171 2758 1317 2817 concede-

144 2863 214 2929 tar,
240 2851 323 2930 quod
343 2851 466 2910 concedi
482 2871 544 2910 non
563 2861 679 2930 potest,
706 2852 865 2911 iracundia
879 2870 955 2932 opus
973 2873 1034 2912 esse
1049 2854 1087 2914 ad
1103 2854 1318 2935 fortitudinen,

144 2965 225 3024 certe
238 2954 271 3013 in
285 2954 349 3014 vita
364 2953 485 3033 privata
500 2953 588 3033 plane
599 2953 718 3013 inutilis
734 2963 789 3013 est.
810 2951 842 3034 5.
854 2961 907 3016 bt.
948 2956 1052 3032 Neque
1066 2966 1218 3017 oratorem
1232 2960 1317 3020 iraeei

116 3092 121 3101 ι
142 3059 242 3119 deest:
264 3076 438 3136 quanquam
448 3056 587 3117 simulare
599 3056 675 3117 iram
689 3076 750 3115 noo
766 3056 897 3117 dedecet.
920 3078 946 3116 c.
960 3063 1012 3117 25.
1031 3055 1066 3136 5.
1081 3065 1132 3119 55.
1146 3090 1189 3102 -
1211 3057 1316 3137 1))Δί-
1346 3084 1351 3097 ·

142 3158 225 3216 bido.
267 3158 347 3218 llaec
368 3178 385 3216 e
406 3158 610 3237 Peripateticis
629 3167 820 3238 pannntatur
837 3178 903 3216 cum
927 3159 1035 3218 studiis
1055 3159 1195 3220 Ῑιοιιαιίι.
1241 3163 1316 3238 (dlia

142 3279 191 3318 res
205 3268 257 3332 eet,
281 3277 372 3335 quum
388 3262 547 3336 qneeritur
562 3260 600 3320 de
614 3261 761 3340 sapiente3
783 3259 850 3334 alia,
873 3279 966 3338 quum
981 3264 1142 3339 quaeritur
1159 3261 1203 3323 de·
1214 3264 1314 3344 vulgo:
1349 3300 1351 3323 ι

52 3434 57 3445 Χ
141 3359 206 3434 eui,
235 3359 378 3435 quonism
400 3361 446 3419 oti
468 3363 589 3422 ratione
609 3383 672 3423 non
696 3371 808 3441 potest,
839 3363 914 3421 utile
938 3372 998 3435 eet,
1025 3364 1073 3423 uti
1094 3372 1180 3424 motu
1201 3361 1314 3447 enini.)

139 3458 171 3539 5.
187 3467 239 3520 bb.
250 3491 296 3505 -
336 3460 367 3542 e)
384 3460 577 3532 Aemnlate'o,
601 3463 794 3531 obtrectatio,
816 3463 1040 3524 misericordia.
1063 3485 1090 3524 c.
1100 3471 1155 3527 26.
1167 3463 1201 3546 5.
1213 3473 1313 3528 56.-

140 3558 173 3641 y)
193 3562 332 3640 Denique
341 3564 611 3640 Peripateticorum
624 3564 787 3635 sententie,
809 3563 1036 3624 mediocritates
1048 3567 1313 3645 pansrhorimum
1349 3546 1351 3601 ἶ

140 3664 286 3723 rmntios
301 3685 380 3731 esse,
403 3662 559 3740 relicitur3
582 3682 665 3738 nam,
686 3663 720 3723 in
737 3683 798 3743 qno
813 3683 885 3744 pars
900 3676 945 3725 eet
960 3667 1087 3727 alicuine
1105 3671 1311 3748 perturbatio·
1344 3726 1349 3735 ,

139 3765 202 3840 nie,
231 3763 256 3823 ie
274 3763 504 3842 perturbatione
522 3784 585 3823 non
608 3775 704 3825 vacet.
745 3767 872 3846 Sapiens
891 3778 991 3827 autem
1009 3771 1036 3828 is
1051 3779 1113 3846 est,
1142 3770 1197 3848 qui
1212 3771 1312 3832 divina

139 3868 291 3941 imitatur,
312 3865 441 3925 bumana
456 3866 555 3926 omnia
569 3866 714 3926 inseriors
728 3869 845 3928 virtute
858 3868 952 3928 ducit.
997 3870 1243 3932 Perturbetiouss
1256 3872 1311 3953 igi·

138 3978 193 4028 tnr
206 3979 377 4048 repugnant
390 3968 563 4048 sapientiae.
606 3969 685 4049 Ergo
700 3991 801 4030 omnes
815 3972 1066 4050 perturbationes,
1089 3993 1126 4032 ex
1140 3992 1247 4034 errore
1260 3992 1317 4049 orb,
1349 4028 1351 4033 .

137 4077 200 4141 tre,
224 4092 286 4130 non
302 4070 559 4130 circumcidendae
575 4080 606 4130 et
622 4073 839 4151 amputandae,
867 4074 918 4133 sed
939 4074 1110 4135 evellendae
1126 4085 1201 4136 eunt
1216 4085 1247 4137 et
1259 4078 1311 4137 ex·

136 4168 302 4230 trebendee
323 4173 453 4251 penitus.
473 4170 506 4251 5.
527 4178 578 4233 bt.
