2888 5512
224 294 262 354 tt)
679 300 939 352 t‘ttotttuotturte.
1064 296 1070 305 “

221 427 358 486 codicum
377 434 408 484 et
427 425 592 484 editionum
616 433 750 482 veterum
771 421 912 481 subsidiis
934 419 1093 494 adhibitis,
1121 421 1233 499 quntim
1249 419 1400 482 librorum

221 529 277 586 iam
292 526 472 587 collatorum
486 527 637 606 scriptura
651 524 872 604 diligentissime
887 522 1050 581 examinata
1067 522 1146 581 viam
1160 520 1198 581 ab
1208 523 1324 583 Orellic
1337 524 1399 584 ini-

221 639 279 687 tam
301 649 412 688 summa
430 649 498 687 cum
520 627 608 686 laude
629 626 777 705 persecuti
799 634 880 685 sunt.

305 731 428 789 Codices
443 729 654 809 manuscripti,
676 728 729 805 qui
745 726 845 786 adhuc
861 725 962 784 collati
978 732 1065 798 sunt,
1087 722 1120 783 hi
1135 736 1221 784 sunt:

305 830 373 912 (tt.)
390 831 491 890 Codex
505 829 695 902 Parisiensis,
724 829 778 906 qui
793 818 857 887 κατ’
874 818 979 903 ἐξοχὴν
993 825 1164 905 appellatur
1181 828 1305 908 Regius
1312 869 1324 897 ,
1346 849 1396 889 se·

221 933 283 991 culi
303 933 376 992 noni
392 934 445 992 Nr.
464 937 576 1007 6332„
597 922 736 1006 στιχηδδν
749 931 898 1008 scriptus,
920 928 952 986 lr.
969 947 996 986 e.
1013 928 1065 1001 ita,
1086 938 1122 987 ut
1139 929 1241 988 oratio
1255 951 1320 988 non
1335 951 1398 990 uno

223 1045 327 1094 tenore
340 1034 546 1108 continuetur,
566 1033 616 1092 aed
630 1032 793 1091 secundum
805 1030 935 1109 singulos
948 1030 1169 1088 enuntiationes
1182 1030 1399 1111 distinguatur.

221 1136 452 1195 Accuratissima
471 1136 535 1194 eim
558 1134 678 1194 collatio
696 1143 741 1192 est
761 1154 809 1206 ea,
837 1152 939 1210 quam,
967 1133 1041 1190 aN.
1056 1133 1088 1190 l'.
1104 1133 1274 1211 Krarupio,
1304 1134 1397 1207 llano,

223 1238 343 1312 lactani,
372 1239 405 1295 P.
427 1238 464 1296 ll.
483 1236 650 1316 Tregdcrus
664 1235 696 1294 in
713 1234 846 1294 editione
865 1253 917 1292 sua
938 1233 1116 1312 publicarit.
1158 1235 1185 1293 le
1201 1234 1313 1309 oidex,
1341 1236 1396 1294 atsi

222 1338 303 1397 haud
330 1337 431 1416 paucis
451 1338 547 1413 vitiis,
574 1357 650 1415 quae
666 1336 833 1414 Tregderus
853 1335 885 1393 in
905 1337 999 1414 prael.
1017 1356 1048 1414 p.
1064 1334 1210 1394 tx-xt.
1226 1334 1348 1414 collegit
1368 1345 1398 1395 et

221 1441 405 1519 detumuit,
427 1438 603 1517 inquinatus
617 1449 675 1512 est,
697 1449 794 1495 tannen
808 1438 875 1496 iure
888 1437 1053 1514 meritoque
1068 1446 1237 1496 ceterorum
1249 1436 1399 1497 Tuscula-

222 1561 328 1600 narum
351 1541 487 1600 codicum
508 1539 777 1618 praestantissimus
799 1537 963 1596 iudicatur.

307 1640 415 1721 (Vct.)
442 1640 580 1699 Secundo
607 1640 674 1698 loco
704 1638 977 1698 commemorandus
1005 1647 1050 1697 est
1078 1639 1174 1697 codex
1210 1640 1397 1709 Variacum,

220 1741 309 1799 etiam
329 1733 466 1817 στιχηὸὁν
482 1742 629 1818 scriptus,
652 1750 682 1799 et
698 1740 890 1819 antiquitate,
913 1750 943 1800 et
959 1741 1180 1819 scripturarum
1195 1740 1333 1800 bonitate
1348 1741 1398 1799 in-

221 1843 323 1920 signis.
366 1842 562 1901 Vehementer
583 1841 744 1901 dolendum
761 1852 820 1918 eet,
847 1851 1016 1902 accuratam
1033 1841 1097 1901 eius
1113 1840 1215 1901 adhuc
1233 1841 1398 1903 desiderari

221 1945 419 2005 collationem.

304 2045 405 2125 (Gud.
424 2044 465 2127 t.)
495 2046 585 2125 Regio
607 2055 637 2105 et
661 2055 772 2120 aetate,
802 2055 833 2104 et
854 2045 1002 2124 dignitate
1028 2064 1141 2123 suppar
1164 2044 1332 2104 censendus
1355 2054 1399 2103 est

225 2150 394 2209 Gudianus
408 2152 547 2227 prinms,
570 2149 666 2207 codex
682 2147 935 2226 Guelferbytanus
949 2146 1043 2206 seculi
1057 2147 1109 2205 lX.
1128 2145 1176 2204 rel
1197 2148 1236 2205 X.
1256 2148 1310 2205 Nr.
1326 2150 1397 2207 238.

221 2269 270 2327 ap.
291 2251 403 2325 Ebert„
430 2272 447 2308 a
464 2252 497 2309 F.
515 2252 573 2309 Gu.
592 2249 831 2308 Schneidewinio
846 2248 1075 2326 exquisitissime
1089 2248 1246 2327 diligentia
1261 2249 1399 2309 collatus.

221 2351 399 2428 Plerumque
419 2371 487 2410 cmn
500 2350 600 2429 ¹llsgin
622 2350 786 2428 conspirat.

307 2449 359 2524 (Ρ.
383 2462 436 2510 aut
455 2451 562 2530 fun)
588 2450 727 2530 Optimus
751 2471 846 2529 porro
868 2451 964 2511 codex
987 2461 1032 2510 est
1049 2452 1242 2511 I’itlwecm
1260 2450 1327 2531 (tr.
1345 2451 1398 2511 Pi-

205 2550 334 2639 Ulmci),
364 2553 449 2611 cuius
473 2551 692 2612 accuratissime
712 2551 833 2609 collatio
853 2561 896 2610 eet
915 2552 947 2610 in
970 2553 1016 2610 ed.
1034 2552 1188 2632 Tregderi.
1231 2555 1284 2613 Est
1304 2554 1400 2614 codex

222 2645 384 2727 ἆκέφαλοςς
407 2654 515 2732 incipit
531 2654 606 2713 enim
620 2653 735 2712 denium
751 2674 767 2711 a
784 2652 852 2711 libr.
870 2653 903 2711 ll.
918 2660 974 2729 2⁰0
997 2660 1048 2716 tn.
1093 2655 1248 2714 consentit
1262 2646 1398 2733 pleimu-

223 2775 281 2832 qua
298 2775 366 2814 curn
386 2756 490 2835 llegio,
511 2755 563 2814 sed
577 2755 673 2816 multo
687 2755 881 2834 negligentius
899 2756 1031 2835 scriptus
1045 2766 1098 2815 eet.
1143 2759 1231 2831 Nem,
1250 2766 1290 2814 ut
1304 2758 1400 2837 Treg-

223 2856 286 2917 deri
308 2857 338 2917 in
357 2861 449 2939 praef.
464 2879 494 2937 p.
510 2859 574 2917 xtt.
590 2857 691 2917 verbis
708 2867 793 2932 utor,
815 2858 956 2917 librarius
972 2857 1068 2917 oculis
1081 2868 1209 2937 propter
1222 2857 1400 2918 similitudi-

223 2981 290 3020 nem
305 2961 548 3023 tennimtionum
560 2959 772 3019 aberrantibus
785 2960 887 3035 multa,
910 2980 986 3038 quae
1001 2960 1039 3019 ad
1051 2960 1214 3020 sententiaa
1226 2970 1308 3019 recte
1323 2982 1400 3020 con-

223 3065 394 3124 formandae
417 3064 577 3125 necessaria
600 3073 685 3141 sunt,
705 3046 794 3141 plane
816 3062 925 3122 omisit.

308 3165 392 3243 (Gr.)
419 3168 623 3245 Gryphianus
640 3166 736 3225 codex
756 3165 863 3224 eximia
885 3164 1018 3222 bonitate
1038 3173 1083 3221 est
1104 3173 1136 3222 et
1150 3165 1214 3223 sine
1231 3163 1325 3223 dubio
1343 3185 1401 3224 ve-

223 3257 418 3340 tustissimus,
447 3268 534 3327 cuius
553 3267 691 3343 collatio,
721 3267 851 3326 sednon
871 3266 1004 3344 integre,
1036 3265 1113 3325 inest
1131 3265 1164 3324 in
1182 3265 1228 3324 ed.
1250 3266 1295 3351 lo.
1312 3265 1401 3351 ttius

224 3366 327 3439 llruti,
350 3367 442 3444 Lugd.
469 3372 565 3443 1570,
590 3376 638 3430 tu.

309 3466 363 3551 (b.)
377 3469 479 3528 Codex
496 3474 661 3530 Beruenses
675 3490 732 3529 sec
747 3471 812 3527 XV.
828 3488 885 3540 „ex
902 3468 1018 3545 optimo
1034 3469 1152 3545 quidem
1165 3470 1330 3550 exemplari
1344 3470 1400 3529 de-

222 3567 370 3646 scriptus,
391 3571 442 3629 sed
456 3572 544 3628 foede
558 3580 689 3646 postona
705 3568 846 3643 magistro
864 3567 966 3644 aliquo
979 3568 1157 3629 scholastico
1171 3570 1402 3650 interpolatus.“

225 3670 260 3728 V.
280 3668 428 3727 Orellium
444 3670 484 3728 nel
499 3670 585 3728 Tusc.
604 3669 625 3729 l.
644 3677 721 3728 extr.
741 3690 770 3746 μ.
788 3674 862 3728 267.
904 3671 1000 3728 Etiam
1017 3671 1068 3730 nio
1082 3673 1260 3750 plerumque
1275 3675 1402 3754 conspi-

224 3782 272 3831 rat
293 3790 360 3830 cuni
383 3771 481 3850 llegio.

308 3874 372 3934 llos
392 3893 443 3932 sex
470 3871 585 3931 codices
606 3873 756 3932 communi
784 3875 945 3931 vitaliorum
970 3876 1089 3932 nominc
1111 3875 1268 3953 cninplecti
1290 3897 1400 3956 poeeu·

223 3996 303 4055 mus5
327 3977 382 4035 iam
396 3994 655 4035 commemoremus
667 3996 731 4050 eos,
755 3995 841 4052 quos,
863 3995 930 4033 cum
945 3975 1003 4033 illis
1016 3987 1216 4055 comparatos,
1240 3977 1403 4038 ‹letm'ores

223 4079 375 4155 appellare
395 4079 474 4137 licet.

309 4176 408 4254 (Gad.
421 4181 459 4237 ll.
480 4176 540 4256 [ap.
558 4179 705 4236 Musarum
724 4179 806 4237 Gnd.
821 4177 878 4257 2.])
899 4179 1067 4237 Gudianus
1085 4181 1139 4246 ll.‚
1163 4180 1228 4238 cod.
1248 4182 1402 4243 Guelferb-

225 4279 278 4337 Nr.
300 4283 371 4338 252.
393 4300 441 4357 ep.
465 4279 564 4338 libert.
583 4279 719 4337 exeuntis
741 4300 797 4338 sec.
815 4280 909 4353 xm„
940 4280 985 4338 uti
1002 4280 1125 4340 videtur
1148 4281 1401 4360 Sclmeidewinio,

226 4380 278 4456 qui
298 4401 365 4438 eum
387 4380 528 4438 cuntulit.
574 4381 758 4460 Negligenter
775 4381 826 4440 ille
848 4381 965 4458 quidem
984 4381 1116 4459 scriptus
1139 4393 1199 4457 est,
1230 4385 1282 4443 scd
1303 4366 1401 4466 pluti-

226 4502 305 4542 mum
328 4502 395 4541 cum
417 4481 590 4541 melioribus
610 4482 769 4540 consentit.

279 4656 285 4662 .
313 4583 450 4665 (Germ.
470 4582 696 4664 [antiocenum
715 4583 815 4659 Gom,
846 4583 931 4642 nullo
949 4584 1053 4643 addito
1066 4585 1229 4667 numero.])
1276 4592 1402 4652 Gudia-
