2888 5512
149 330 215 398 350
585 340 706 391 uranu
724 339 766 392 rr.
787 339 833 399 15,
852 336 896 390 aa.

150 476 197 528 ost
218 461 337 526 allectio
358 460 448 524 animi
472 469 611 521 constans
636 458 893 539 conveniensque,
925 455 1086 518 laudabiles
1113 456 1242 520 efficiens
1262 477 1321 533 eos,

149 571 299 656 inquibus
317 581 381 648 est,
415 570 523 653 etipsa
541 589 593 652 per
611 588 661 643 se,
694 589 747 630 sua
766 578 889 650 sponte,
925 576 1059 650 separata
1084 567 1175 628 etiarn
1193 566 1322 643 utilitate,

148 680 318 757 laudabilis;
359 699 401 742 ex
438 699 473 741 ea
509 679 734 762 proficiscuntur
768 677 909 738 honestae
932 677 1118 753 uoluntateS,
1150 677 1320 752 sententiae,

148 792 281 856 actiones
295 789 447 871 omnisque
463 797 543 848 recta
561 787 654 864 rutio3
680 807 844 867 quanquam
862 786 925 868 ipsa
945 784 1039 847 uirtus
1055 785 1234 848 breuissime
1246 796 1324 848 recta

148 902 224 965 ratio
243 900 299 961 diui
316 909 424 981 potest.
470 895 566 957 Huius
590 895 680 977 igitur
699 895 816 957 uirtutis
844 895 993 956 contraria
1010 907 1057 956 est
1074 895 1241 970 vitiositasq
1269 895 1322 975 (sio

149 1010 225 1072 enirn
241 1007 331 1084 malo,
354 1027 440 1089 quarn
459 1005 597 1067 malitiam
615 1005 761 1087 appellare
780 1024 857 1081 eum,
883 1025 968 1086 quum
981 998 1090 1066 Graeci
1107 1005 1217 1064 aculon
1231 1004 1321 1088 appel·

148 1120 228 1195 lant3
251 1139 317 1180 narn
330 1115 439 1177 malitia
457 1115 529 1176 certi
542 1113 692 1175 cuiusdam
713 1112 775 1174 vitii
793 1133 898 1174 nornen
919 1123 976 1190 est,
1001 1114 1152 1175 vitiositas
1170 1114 1320 1195 omnium)

149 1250 189 1291 ex
207 1248 261 1310 qua
278 1226 486 1287 eorroitantur²
509 1222 766 1305 perturbationes,
792 1244 866 1304 quae
886 1233 972 1298 sunt,
997 1233 1030 1283 ut
1046 1224 1147 1305 paullo
1166 1236 1233 1285 ante
1250 1223 1323 1286 ‹tixi-

148 1358 230 1414 mus,
262 1333 369 1397 turbidi
388 1333 551 1394 animorum
573 1331 768 1412 eoricitatique
785 1342 898 1405 motus,
935 1331 1033 1393 aversi
1053 1353 1071 1392 a
1091 1332 1209 1394 ratione
1227 1343 1255 1395 et
1270 1331 1320 1394 ini·

148 1444 300 1511 mitissimi
323 1443 431 1506 mentis
457 1443 592 1525 vitaeque
612 1440 798 1523 tranquillae.
845 1437 1007 1525 important
1030 1440 1109 1503 cuiun
1129 1442 1319 1525 aegritudines

216 1623 232 1673 2
251 1641 274 1673 r.
292 1623 356 1673 Ado.

148 1735 205 1792 post
234 1722 393 1789 parenthesin
425 1721 608 1788 perspicuitatis
638 1738 723 1771 caussa
747 1721 784 1770 sic
797 1720 847 1771 hoc
861 1721 919 1771 loco
933 1728 1009 1772 uirtus
1024 1721 1143 1783 διάθεσις
1159 1723 1242 1791 ψυχῆς
1257 1720 1317 1789 otiqu-

146 1807 223 1841 onum
237 1788 276 1838 vel
290 1790 362 1854 plura
372 1788 492 1838 uocabula
503 1798 657 1854 repetuntur,
673 1787 720 1838 ad·
747 1805 831 1854 protae
848 1785 915 1856 αὐτῇ
924 1827 931 1850 ,
950 1800 977 1838 ut
992 1807 1034 1855 ap.
1054 1790 1128 1840 Stob.
1144 1802 1184 1840 est
1200 1790 1249 1842 td.
1262 1791 1317 1840 Etb

146 1857 206 1907 ditia
228 1854 355 1920 particulis
378 1858 466 1917 ipitur,
491 1870 553 1918 erqo.
590 1855 630 1904 Cl.
647 1873 721 1921 supra
748 1857 779 1905 ll.
798 1872 822 1921 p:
836 1853 890 1907 tut.
926 1857 969 1906 Sic
991 1857 1126 1907 Cleanthes
1147 1876 1188 1924 ap.
1205 1858 1276 1923 Diog.
1289 1858 1318 1906 b.

147 1926 167 1974 1.
182 1922 205 1983 7,
226 1919 265 1975 tl.
302 1922 420 1988 Exempla
445 1922 604 1972 coacervavit
621 1926 723 1974 scheller
748 1920 772 1981 7,
789 1920 832 1973 bil.
848 1923 950 1979 statuit.
977 1921 1024 1988 τὴν
1041 1918 1137 1989 ἀρετήν
1158 1924 1270 1979 buibesca
1286 1920 1320 1976 tl·

145 1991 171 2040 in
187 1992 316 2056 Praecept.
332 1989 384 2039 stili
402 1988 483 2039 Latini
498 1991 530 2039 T.
544 1992 574 2040 ll.
591 2007 616 2056 p.
626 1991 677 2041 599
684 2007 721 2056 sq.
747 2007 788 2041 ναι
802 1989 918 2056 αἱρετήν,
936 1986 966 2042 ου’
981 1990 1025 2043 διά
1039 2009 1096 2044 τινα
1108 1987 1186 2060 φόβον
1198 1984 1217 2056 r'p
1231 1990 1319 2044 ἐλπίδα

147 2058 233 2108 Oratio
250 2068 334 2107 autem
351 2056 432 2106 hiulca
448 2065 500 2114 est,
519 2057 567 2105 nisi
582 2058 649 2105 sorte
666 2073 722 2106 cum
747 2050 766 2120 ἦ
789 2074 813 2108 τι
833 2057 883 2108 τῶν
910 2056 1011 2118 [ἕωθεν.
1048 2059 1089 2107 Cl.
1110 2061 1180 2109 Beier.
1195 2058 1228 2106 ad
1244 2058 1316 2108 offic

146 2126 260 2175 Munatio
279 2125 315 2174 sic
332 2124 415 2189 legere
435 2123 531 2187 placet:
558 2125 668 2184 quondo,
694 2134 722 2171 ut
750 2124 779 2171 ll.
793 2122 826 2179 b,
844 2124 885 2174 ¹29.
904 2126 1000 2189 pllio.
1035 2126 1099 2175 Deiu
1120 2124 1229 2175 demta
1252 2124 1278 2189 (i.
1293 2140 1316 2173 e.

146 2196 201 2243 otiis
215 2197 272 2243 tocie
284 2195 313 2241 de
327 2206 350 2241 o.
366 2200 392 2239 et
404 2193 517 2250 mamus,
533 2194 555 2238 et
568 2204 639 2250 saepe
653 2192 678 2238 <t
693 2204 722 2250 c,
747 2189 872 2241 absolutul
891 2191 989 2241 ratione
1007 2187 1089 2262 (c’pbqi
1104 2190 1183 2261 λόγῳ)
1204 2191 1238 2241 cl.
1252 2191 1318 2241 inira

146 2259 185 2307 vel
203 2258 286 2324 potius
302 2257 351 2305 sic:
377 2258 487 2318 wando,
512 2264 538 2303 ut
556 2262 577 2305 et
593 2259 649 2305 odiit
665 2259 722 2305 locis
747 2258 777 2305 V.
797 2257 842 2315 ld,
861 2257 903 2307 39.
968 2287 969 2290 =

144 2326 169 2373 rt
185 2338 209 2373 o.
225 2326 345 2384 diximus,
371 2328 427 2372 cta.
442 2324 467 2372 d.
485 2337 504 2371 e.
539 2324 611 2383 Quae
633 2339 721 2373 emen·
797 2323 898 2392 κακίαν]
917 2326 972 2376 Fin.
989 2326 1032 2375 lll.
1051 2326 1090 2387 ll,
1107 2326 1158 2379 39:
1176 2328 1243 2386 Quae
1257 2324 1318 2376 euim

145 2389 216 2441 detio
232 2390 263 2440 de
281 2406 336 2440 mea
349 2388 450 2455 quidem
466 2389 590 2439 sententia
605 2407 721 2457 magnum
746 2390 839 2450 κακίας
865 2392 954 2442 Graeci
980 2393 1127 2460 appellant,
1162 2394 1222 2445 uitia
1249 2392 1317 2452 nab,

145 2456 720 2592 tt⁶.tlt'3.1.t‘itl³:tttlt?utlltit?
745 2459 954 2575 ttttt‘llb
971 2460 1120 2579 'liiiio
1142 2462 1188 2579 ii-
1204 2460 1317 2578 {illd

144 2607 248 2657 eamque
257 2591 396 2642 necessario
407 2590 545 2657 efflagitare
553 2592 651 2641 videtur
658 2558 718 2641 sen:
744 2596 836 2642 mulitia
852 2604 952 2643 uersuta
975 2605 1000 2643 et
1023 2594 1100 2644 fallax
1120 2567 1233 2645 nocendi
1250 2594 1316 2644 ratio.

144 2657 278 2708 teutiurum
302 2675 386 2708 nexus.
423 2659 535 2724 Denique
558 2658 590 2708 de
613 2659 717 2709 coniun-
746 2660 784 2709 Ct‘.
802 2662 879 2709 Klots.
903 2670 929 2710 et
945 2664 1041 2714 dordan.
1061 2661 1096 2711 ad
1122 2679 1160 2712 or.
1181 2681 1207 2730 p.
1224 2662 1316 2713 caedo.

144 2722 227 2772 ctione
240 2728 336 2786 quando
352 2725 533 2773 observandum
543 2736 589 2782 est,
606 2743 661 2776 eam
672 2743 718 2793 pro
745 2729 769 2787 1,
788 2729 813 2776 2.

141 2794 253 2853 quonium
274 2790 313 2838 uel
331 2793 521 2851 quandoquidem
545 2793 622 2841 raritas
641 2811 656 2841 a
674 2793 719 2841 ci·
793 2795 949 2862 concitantur]
974 2795 1016 2845 Sic
1032 2796 1131 2862 optime
1147 2798 1274 2847 Manutius
1290 2813 1316 2847 es

143 2872 235 2907 oeroue
249 2856 360 2922 usurpari
379 2857 580 2921 qOrelliusallert
594 2875 639 2924 pro
653 2860 715 2909 Cae·
743 2859 846 2925 antiquo
864 2862 928 2910 libro
950 2863 1092 2912 emendarit
1117 2864 1235 2914 codicum
1256 2864 1314 2914 sui·
1357 2880 1359 2885 ·

144 2922 449 3059 ‘uultuque
463 2924 717 3071 lubiallfl
743 2931 1128 3057 titttlnttllt'ldtdull
1150 2932 1314 3049 'latin

142 3061 269 3129 plerisque
290 3062 315 3111 io
337 3059 431 3110 lociaa
451 3058 558 3108 librariis
575 3071 718 3126 corruptam
744 3061 885 3126 probabiles
913 3063 1072 3114 coniecturae
1086 3070 1090 3077 ’
1103 3076 1164 3115 stunt
1191 3070 1314 3127 epitumo,

143 3146 206 3179 esse.
243 3131 348 3196 Propter
372 3127 577 3193 compendiorum
599 3126 718 3179 similitu·
742 3135 905 3192 couqituutur,
946 3135 1099 3193 cannutio,
1141 3137 1313 3197 proqtquurtur.

143 3196 228 3245 dinem
238 3200 334 3259 quondo
349 3205 376 3245 et
386 3197 497 3259 quonium
512 3194 537 3245 in
554 3194 628 3247 codd.
643 3213 717 3263 saepe
743 3196 816 3257 Quod
832 3208 915 3246 autern
930 3198 1014 3263 paullo
1030 3208 1088 3266 post
1101 3200 1205 3249 verbum
1218 3204 1315 3250 eoncita-

141 3271 283 3325 permutata
309 3273 382 3322 suunt,
415 3262 450 3311 uti
475 3263 500 3312 h.
522 3261 537 3311 l.
562 3280 609 3328 pro
633 3263 718 3331 priore
743 3267 803 3325 liqut
819 3264 932 3324 recurrit,
951 3264 1086 3316 offensioni
1101 3284 1157 3316 esse
1170 3284 1222 3317 non
1235 3266 1313 3317 debet.

141 3325 238 3383 ttehd„
262 3343 309 3392 pro
327 3328 466 3393 posteriore
482 3346 544 3378 unus
561 3333 606 3381 Ox.
624 3330 718 3381 hebent
744 3330 783 3379 Cf.
798 3329 862 3380 iufra
879 3332 951 3391 c37.
964 3335 1011 3383 et:
1030 3332 1167 3399 depellitur
1181 3360 1214 3373 -
1229 3332 1315 3399 depel-
1356 3372 1359 3381 .

140 3396 260 3453 quoruorn.
287 3394 382 3445 Charis.
397 3412 438 3462 ep.
454 3396 553 3445 Putsch.
569 3414 593 3463 p.
604 3396 646 3449 tto.
662 3409 716 3448 tra·
742 3396 808 3446 litun.
828 3400 859 3446 V.
872 3401 993 3460 tt'optena.
1009 3401 1092 3451 Lectt.
1100 3401 1168 3452 Tull.
1181 3418 1207 3466 p.
1217 3400 1313 3451 259.st
1355 3428 1359 3463 ¹.

141 3455 193 3504 dit:
220 3463 317 3519 mundo
332 3473 406 3512 acuta
420 3462 500 3527 prima
522 3464 619 3530 syllaba
636 3466 716 3515 inter·
743 3468 847 3527 Medeia.
864 3465 897 3514 ed
915 3467 968 3515 Fin.
988 3469 1005 3515 l.
1024 3466 1070 3529 1¹2,
1087 3465 1128 3519 tt.
1143 3464 1262 3533 ptldsq.
1286 3475 1312 3513 et
1357 3508 1359 3513 .

140 3524 298 3586 rogationem
313 3529 434 3593 temporis
449 3530 587 3594 significan
604 3532 649 3581 ted
667 3550 717 3598 po·-
742 3532 851 3581 Iudicem
869 3550 892 3584 v.
911 3537 1031 3595 Repetitio.

138 3588 244 3639 steriore
257 3602 329 3640 aeota
340 3600 451 3654 wentana
467 3596 505 3643 rel
517 3599 716 3659 quondoquidem.
792 3614 864 3660 quarn
876 3628 918 3660 —,
934 3604 1097 3661 impotentiora
1109 3628 1143 3641 -
1155 3602 1311 3665 dissidentem}

141 3654 218 3705 Addit
233 3659 310 3705 Moser
325 3658 402 3707 Reicr.
417 3659 449 3707 ad
467 3660 492 3709 C.
510 3663 577 3710 Brut.
593 3665 640 3717 55.
656 3667 714 3715 tot.
741 3664 824 3714 Verba
842 3669 1001 3728 irupotentr'am
1017 3694 1052 3705 -
1069 3670 1217 3719 dimidmtm
1235 3666 1313 3716 inaer-

139 3739 192 3789 pro.
219 3740 244 3787 p.
260 3721 362 3788 tb'tsq.
386 3723 426 3771 ed.
446 3726 522 3774 Orell.
546 3726 606 3774 ibid.
623 3730 713 3792 Topic.
742 3731 810 3780 viunt
824 3733 977 3798 explicandis
990 3734 1222 3797 rerbieoppetiliotte
1230 3738 1311 3795 mitt,

140 3792 171 3851 V,
188 3790 230 3842 ¹26.
249 3805 274 3856 p.
285 3788 335 3841 357
344 3804 383 3855 aq.
410 3790 544 3849 Quomodo
561 3800 644 3840 autern
661 3797 714 3844 utto
740 3806 767 3844 ut
783 3797 848 3848 hunc
865 3799 914 3848 uim
931 3800 1054 3850 habeant:
1076 3806 1216 3864 oppetitione
1229 3804 1311 3860 muria,

139 3857 172 3907 ad
196 3857 249 3907 Fin.
269 3857 287 3905 l.
305 3852 335 3918 4,
357 3857 395 3907 10.
419 3871 444 3921 p.
463 3857 519 3914 15..
545 3861 640 3918 quando
667 3860 714 3910 hac
739 3864 789 3912 lte.
803 3868 940 3926 impotentia
955 3866 1313 3931 quodum—austratem

139 3934 268 3988 potestate
283 3931 427 4005 usurpatum
449 3939 568 3989 nusquam
585 3925 652 3991 apud
668 3927 711 3975 Ci-
739 3927 861 3981 eiusmodi
871 3933 1050 4000 explicationes
1061 3936 1167 3985 Latinus
1176 3952 1258 3985 sermo
1266 3950 1312 3985 noo

139 4006 257 4043 aaronem
271 3993 381 4060 reperiri,
400 3990 526 4056 locutaque,
546 3991 587 4040 ubi
601 3994 714 4060 reperia-
739 4004 857 4065 tanquam
869 4001 1041 4067 appositiones
1052 4003 1215 4053 antecedenti
1225 4000 1313 4052 nomini

138 4061 194 4109 tur.
222 4071 354 4125 corruptos
377 4075 430 4107 esse
454 4067 480 4105 et
503 4072 547 4123 per
564 4066 676 4120 quonium
699 4081 714 4113 e
738 4062 866 4131 adiungit,
892 4067 937 4116 sed
961 4069 1125 4136 subsequenti
1152 4066 1311 4121 enuntiationi

135 4117 213 4233 egid.
229 4126 407 4186 emendandos,
426 4124 509 4175 dicere
525 4126 643 4191 potuerit,
662 4146 713 4180 nou
740 4131 858 4182 relativae
882 4134 1015 4201 subiungit.
1052 4139 1083 4186 V.
1108 4154 1157 4187 moe
1179 4137 1207 4187 in
1226 4138 1268 4188 Gr.
1283 4136 1309 4186 b.

180 4199 219 4232 eo.
807 4202 817 4227 5

186 4252 262 4299 uirtus
278 4259 312 4303 eat
328 4260 422 4333 aspectio
438 4262 515 4308 antuus·
531 4259 649 4325 constans]
670 4261 712 4310 Sic
738 4199 760 4263 ᾗ·
775 4200 908 4381 labosortlbsspt
922 4201 964 4317 ἑί
985 4268 1074 4333 scripsi
1091 4286 1113 4318 c,
1132 4271 1164 4320 1),
1182 4268 1221 4321 «ι,
1233 4270 1253 4320 t,
1270 4268 1311 4318 w.
1354 4298 1359 4311 .

136 4313 252 4393 Flu-¹11¹·
268 4318 320 4395 20,
334 4322 381 4368 bo:
402 4324 437 4370 Ex
451 4324 501 4372 lrac
513 4326 653 4374 animorum
669 4329 711 4376 al'-
737 4332 778 4381 Or.
793 4349 807 4380 e
821 4332 924 4382 Benteii
939 4336 1083 4385 coniectura
1099 4338 1226 4403 (effertur),
1241 4336 1313 4387 etiem
1355 4328 1359 4405 ξ

136 4382 260 4432 lectione:
279 4383 321 4432 ubr
337 4389 447 4435 Goerenz.
463 4405 487 4451 p.
500 4388 558 4440 394.
574 4389 644 4449 dicit,
664 4412 710 4443 ex·
736 4396 840 4447 Klotzio
858 4398 883 4448 in
902 4401 965 4452 ndu.
1000 4400 1132 4469 .lb'lsq.,
1161 4403 1313 4455 Wesenber-

135 4465 244 4529 pretsarn
261 4448 307 4498 sibi
327 4449 406 4500 uideri
423 4452 566 4505 Stoicorum
585 4454 709 4528 διάθεσιν,
752 4462 777 4513 io
799 4466 852 4513 om.
870 4467 912 4516 llt.
931 4486 955 4534 p.
986 4505 1009 4529 .,
1036 4470 1139 4520 Mosero
1163 4471 1189 4520 in
1214 4486 1313 4521 aarum
1356 4480 1359 4499 ¹

136 4536 151 4569 r.
170 4534 192 4567 e.
217 4516 346 4596 eogitandi
375 4528 401 4567 et
425 4519 549 4572 sentiendi
577 4525 707 4589 rationem,
734 4480 800 4579 bad.
818 4549 843 4596 p.
859 4530 917 4585 3⁴1.
936 4534 1051 4600 probata.
1089 4537 1192 4587 Ducunt
1211 4536 1244 4588 ad
1261 4551 1313 4588 eun

133 4602 198 4651 quae
216 4602 240 4634 un
259 4600 340 4636 mores
362 4587 617 4659 consuetudinemque
632 4593 707 4657 ebiit5
733 4595 843 4663 optimus
866 4601 923 4650 eorl.
942 4601 1012 4665 Col,
1037 4602 1064 4651 in
1083 4618 1134 4669 quo
1155 4615 1196 4655 est
1217 4604 1314 4668 effodi
1356 4610 1359 4649 ἵ
