2888 5512
232 297 297 365 toa
625 303 746 352 tunna
766 302 796 349 v.
815 298 862 361 at,
884 296 938 350 toa.
959 294 1016 347 tou.

236 436 307 496 liaeo
324 429 419 492 ononis
434 426 529 489 oratio
543 435 600 499 est,
626 423 671 485 eni
685 422 748 483 iure.
764 421 790 481 id
806 419 942 481 anaidere
957 436 1014 477 non
1030 413 1134 496 possit.
1181 409 1261 473 Natu
1279 412 1346 473 iure
1362 430 1413 473 ex·

237 544 379 605 aulantem
401 535 548 599 consolari
566 554 623 595 nou
645 541 773 614 opmtet.
823 537 893 589 108.
919 524 1075 587 Postremo
1094 522 1131 583 ad
1150 542 1256 583 omues
1268 541 1356 583 casus
1373 522 1414 583 la·

237 651 342 713 oillima
362 648 437 710 ratio
453 655 499 709 est
513 666 632 719 eorum,
657 642 704 722 qui
722 642 757 700 ad
773 638 951 719 voluptutem
968 655 1001 695 ea
1018 634 1167 707 referunt,
1195 650 1273 712 quae
1290 650 1414 713 sequun-

239 772 286 821 tur
302 761 331 820 in
349 760 426 834 vita,
451 767 501 832 ut,
525 772 698 836 quocunque
715 749 787 811 liaeo
812 748 876 808 loco
893 742 1139 827 suppeditetur-⁶,
1167 740 1208 802 ibi
1237 741 1322 801 beate
1342 760 1413 821 que·

238 879 288 929 aut
310 867 424 927 vivere.
473 862 572 944 ltaque
597 863 632 923 ad
660 880 774 921 ornnem
802 857 945 918 rationem
971 851 1083 914 Teucri
1112 872 1175 911 vox
1201 848 1410 913 accommodari

240 987 337 1059 pulesl.
347 1001 355 1035 ι

488 1087 584 1142 Patrrir
606 1093 665 1145 eat.
691 1081 849 1156 radr'ouapue
871 1087 913 1135 ert
936 1076 1013 1133 berte.

243 1194 386 1257 Socrates
403 1192 518 1274 quidem
537 1213 623 1273 aluum
644 1198 815 1271 rogaretur,
847 1187 973 1247 cuiatem
990 1202 1024 1243 se
1044 1200 1111 1242 esse
1131 1180 1263 1242 diceret:
1296 1176 1418 1242 blundu-

243 1326 329 1379 nurn,
354 1301 458 1384 inquit.
506 1299 614 1361 Totius
640 1299 716 1360 enim
743 1296 841 1358 muudi
861 1314 893 1356 se
912 1293 1037 1354 irreolam
1053 1301 1082 1352 et
1096 1289 1193 1351 civem
1209 1288 1416 1351 arbitrabatur.

243 1412 321 1494 Quid
340 1410 380 1473 Τ.
406 1410 568 1472 Albucius?
596 1428 694 1470 nonne
711 1407 808 1468 antimo
826 1403 1005 1486 aeqarissimo
1027 1399 1154 1461 Athenis
1178 1398 1269 1461 exsul
1296 1398 1419 1481 pbiloso-

244 1521 403 1606 pbaltatur'l
426 1521 471 1581 oui
491 1531 587 1581 tamen
601 1518 671 1580 illud
687 1516 782 1599 ipsum
795 1536 853 1576 rron
870 1506 1043 1587 accidisset,
1068 1507 1135 1570 siin
1153 1528 1188 1571 re
1206 1507 1324 1592 publiea
1340 1508 1418 1591 quie·

244 1652 331 1693 seens
354 1628 473 1712 Epicuri
501 1628 614 1710 legibus
635 1627 791 1709 paruisset.
839 1630 912 1684 tou.
938 1618 1000 1701 Qui
1027 1618 1104 1681 euim
1131 1616 1249 1681 beatior
1264 1615 1418 1701 Epicuron,

244 1741 320 1821 quod
340 1739 368 1798 in
386 1737 478 1820 patria
496 1737 627 1810 vivebat,
653 1756 755 1816 (luunt,
781 1733 857 1814 quod
872 1730 1013 1807 Athenis,
1036 1726 1253 1791 Metrodorus?
1274 1737 1325 1789 aut
1338 1723 1420 1789 Plato

246 1844 447 1909 Xenocratem
476 1845 631 1921 vincebat,
663 1854 713 1905 aut
738 1839 862 1903 Polemo
888 1840 1072 1917 Arcesilam,
1102 1859 1161 1920 quo
1185 1848 1268 1901 esset
1292 1836 1421 1899 beatior?

247 1954 358 2037 Quanti
373 1976 445 2018 vero
457 1956 514 2017 ista
532 1956 638 2017 civitas
652 1952 835 2015 aestimanda
850 1960 907 2025 ost,
932 1968 971 2011 ex
988 1968 1046 2030 qua
1058 1947 1125 2009 boui
1140 1946 1347 2031 sapientesque
1358 1945 1419 2027 pol-

248 2066 367 2127 luntur?
390 2063 591 2125 Damaratus⁶
610 2064 738 2146 quidem,
757 2058 928 2141 Tarquinii,
953 2057 1044 2119 nostri
1060 2056 1182 2136 regis⁷‚
1207 2066 1298 2141 pater,
1320 2065 1421 2139 tyran-

289 2236 306 2289 li
323 2240 365 2288 Sic
373 2239 401 2287 ll.
412 2239 439 2288 P.
448 2238 514 2287 Gud.
527 2236 548 2286 l.
560 2240 591 2287 ll.
600 2238 669 2285 Mon.
683 2236 703 2285 l.
716 2234 894 2301 (Damaratus)
912 2236 981 2284 tlon.
991 2232 1017 2283 2.
1030 2232 1112 2283 Marb.
1121 2233 1307 2297 (Dumurutllusl
1316 2228 1422 2281 tanat

248 2317 328 2373 quatu.
344 2308 405 2353 011.
421 2304 482 2353 Ball.
496 2320 574 2369 marg.
591 2303 696 2354 Lambb.
713 2303 753 2352 ed.
768 2303 795 2352 P.
829 2302 879 2351 Sed
895 2302 927 2351 de
944 2302 1004 2367 Rep.
1019 2302 1051 2349 ll.
1062 2296 1101 2350 19.
1118 2300 1144 2349 in
1160 2300 1329 2367 palimpsesto
1344 2303 1425 2351 Dem-

248 2380 317 2423 rotus
330 2371 377 2420 scri
397 2381 450 2420 tum
463 2371 542 2420 videri
559 2381 646 2420 mouet
658 2374 732 2432 llos.,·
751 2374 793 2418 Or.
804 2386 824 2417 c.
837 2370 902 2435 vulg.
913 2372 978 2419 Deua
1013 2364 1029 2418 'r'
1048 2368 1089 2417 Sic
1099 2368 1128 2417 ll.
1141 2369 1169 2417 P.
1180 2368 1246 2417 Gud.
1263 2366 1285 2418 l.
1304 2368 1334 2417 ll.
1350 2365 1424 2417 blurb

251 2438 325 2489 vind.
339 2439 361 2490 l.
379 2388 448 2488 bion.
460 2438 482 2487 l.
494 2436 535 2496 ’ἐς
561 2442 603 2487 (tr.
620 2456 642 2488 c.
657 2437 723 2502 vulg.
739 2441 802 2500 repis
814 2441 903 2497 nostri;
921 2434 1001 2485 minus
1018 2435 1096 2495 bene,
1118 2434 1178 2502 qnia
1195 2438 1335 2501 ltomonuq
1345 2448 1425 2501 regau

252 2506 360 2574 opponit
377 2505 522 2571 alienigenis
539 2504 706 2573 philosophis.

250 2625 383 2687 primuml]
404 2623 444 2672 Sic
460 2625 503 2671 Gr.
523 2622 611 2683 edidit,
628 2632 653 2671 et
670 2622 707 2670 eie
724 2622 823 2687 legitur,
850 2639 911 2673 vero
927 2623 1020 2681 exsude,
1033 2620 1169 2687 ignominia
1183 2638 1246 2671 sane
1257 2631 1353 2672 notato.
1377 2619 1424 2670 Νί-

251 2690 295 2737 srd
312 2691 366 2736 aine
389 2689 492 2737 lacunae
509 2688 596 2755 signo,
622 2689 646 2737 in
674 2690 703 2738 ll.
722 2691 748 2740 P.
767 2691 824 2737 Vat.
851 2688 984 2738 bilominus
996 2706 1057 2755 ergo
1071 2688 1184 2738 exsilium
1201 2685 1353 2739 caumatum.
1377 2688 1425 2737 lle-

254 2756 325 2803 l¹'abr.
343 2755 401 2803 trib.
418 2755 478 2801 Pall.
489 2756 554 2803 cua.
566 2758 587 2805 l.
604 2756 655 2819 tluic
668 2760 733 2805 euim
749 2774 764 2804 a
776 2773 825 2805 sec.
850 2757 959 2821 spondet
966 2757 1077 2807 Trallius:
1097 2757 1274 2821 ignominiane
1284 2754 1375 2823 poterit
1386 2772 1425 2803 ex-

251 2839 285 2871 ta.
302 2821 386 2873 babetl
405 2819 429 2867 b.
447 2825 472 2884 (a
486 2837 536 2868 sec.
549 2838 581 2869 m.
595 2832 653 2885 post
668 2825 762 2883 officere
777 2822 826 2871 ha·
851 2824 932 2872 silium
946 2824 1048 2873 allicere
1062 2824 1212 2891 sapientem,
1231 2824 1329 2873 etiamsi
1342 2838 1424 2873 revera

252 2890 295 2938 bet
310 2888 403 2951 poterr'tl
424 2886 489 2937 Gud.
507 2889 537 2936 ll.
555 2887 606 3003 prio
623 2891 656 2937 od
675 2890 765 2949 efficere
779 2907 825 2954 pro
851 2891 883 2940 sit
895 2892 971 2947 exsul,
982 2908 1030 2940 non
1042 2890 1216 2956 peregrinetur
1227 2908 1275 2941 auo
1287 2887 1422 2941 arbitratu?

252 2957 350 3018 estlear)
370 2953 437 3004 Gud.
452 2958 477 3005 ¹2.
498 2955 582 3003 nun.
608 2956 678 3004 Mon.
699 2957 720 3005 l.
746 2957 826 3005 lttarb.
903 2959 925 3021 ξ.
940 2960 995 3008 tua.
1020 2973 1080 3021 qatoe
1097 2964 1229 3020 aquantur
1245 2963 1272 3008 tn
1287 2955 1423 3023 etto1b'is-

253 3022 328 3071 t'ind.
349 3024 377 3079 l.,
395 3039 476 3088 neque
493 3022 566 3071 aliter
583 3023 607 3071 iu
626 3022 751 3071 nonnullis
767 3022 825 3072 edd.
852 3024 934 3073 senius
956 3040 1017 3085 quoe
1035 3042 1080 3091 pro
1101 3027 1248 3074 accusmivo
1266 3026 1356 3082 lrabet3
1379 3038 1422 3088 ega

254 3100 325 3145 vett..
343 3089 388 3138 sed
404 3101 526 3139 commate
542 3100 601 3156 post
614 3094 663 3139 stae
680 3090 781 3155 posito,
799 3102 827 3139 ut
853 3091 964 3157 explico:
982 3107 1042 3153 aare
1053 3096 1165 3143 occiduunt
1182 3096 1209 3143 in
1220 3098 1288 3143 satu:
1305 3108 1376 3159 qoam
1387 3108 1421 3140 ra·

254 3156 340 3205 rocula
357 3160 406 3205 sine
418 3174 464 3221 pro
474 3157 551 3206 verbo
561 3157 675 3207 habenda
687 3156 735 3206 sit:
754 3176 827 3225 quarn
852 3159 946 3208 tionem
964 3159 1056 3223 probat
1075 3162 1166 3219 lloser,
1187 3176 1331 3227 quanquam
1348 3174 1423 3210 rarum

254 3222 376 3270 rationem
392 3234 579 3287 praeposteram
596 3241 650 3273 esse
664 3235 732 3273 recte
743 3235 827 3275 censet
852 3225 988 3275 admodum
1005 3243 1058 3274 esse
1073 3226 1140 3275 huuc
1156 3243 1230 3276 usum
1246 3228 1332 3289 addit,
1349 3240 1421 3291 noque

254 3290 362 3347 Oretltus,
375 3288 415 3353 apd
431 3288 496 3338 hauc
511 3290 611 3356 quidem
626 3291 773 3357 scripturam
785 3310 828 3343 re-
852 3310 893 3359 ap.
906 3293 955 3342 Cic.
966 3293 1048 3342 locum
1063 3294 1254 3360 planesinilenr
1265 3294 1366 3361 reperiri
1374 3291 1418 3343 exi·

253 3354 342 3414 tinuit,
370 3354 453 3404 deleta
477 3366 560 3406 tamen
583 3358 745 3407 distinctione
770 3371 827 3426 post
852 3362 945 3409 stimat.
964 3361 1045 3420 Quem
1054 3377 1085 3409 ex
1094 3360 1204 3411 Caesare
1214 3362 1281 3411 B.G.
1292 3364 1419 3423 2,‘Ilextr.

251 3425 308 3471 one.
344 3420 423 3471 coda.
437 3422 533 3490 aliquot
550 3435 577 3474 et
590 3425 683 3475 multae
699 3426 757 3476 edd.
766 3438 827 3476 vett.
853 3427 938 3477 attulit
961 3426 1060 3475 locutam
1091 3429 1180 3494 ltaque
1203 3430 1229 3477 in
1253 3438 1323 3479 tanta
1346 3440 1417 3478 rerum

254 3488 413 3552 praeferunt:
440 3497 466 3539 ot
488 3496 551 3541 enlm
567 3508 614 3543 noa
631 3497 680 3542 state
696 3497 827 3555 ignominia
851 3494 981 3559 iniquitate
997 3494 1114 3545 fortunae
1132 3512 1233 3563 quoque
1247 3508 1348 3545 uentae
1363 3489 1417 3539 rarii

253 3556 347 3615 atatem
363 3561 446 3616 poterit
462 3573 515 3619 rap.
552 3559 626 3608 Unde
645 3560 751 3608 Woltius
774 3561 825 3609 sic:
851 3565 1019 3623 mouebantur,
1036 3560 1057 3611 is
1075 3562 1170 3612 alienus
1185 3574 1232 3612 est.
1267 3564 1329 3613 Nm
1344 3571 1414 3619 ww·

253 3623 360 3668 atenim
375 3638 423 3671 noa
440 3629 489 3673 stne
505 3630 553 3688 ipa.
573 3664 578 3674 .
598 3664 604 3676 .
628 3630 673 3689 aff.
692 3632 767 3690 sapt
799 3631 827 3677 de
852 3633 937 3678 bantur
960 3628 994 3677 ibi
1018 3639 1057 3677 est
1080 3644 1105 3679 se
1122 3634 1284 3692 minuebant,
1308 3626 1414 3676 utilene

253 3701 306 3747 sap.
325 3696 373 3736 etc.
409 3690 506 3737 Paullus
525 3693 651 3741 Manutius
666 3694 731 3744 hrruc
746 3696 826 3744 lorum
853 3696 1034 3761 interpretatur
1051 3700 1190 3761 limogias.

253 3752 313 3801 satie
331 3753 494 3818 probabiliter
511 3758 547 3807 ¹sic
560 3759 702 3822 srrpplevit:
722 3768 749 3810 At
765 3766 827 3810 enim
903 3764 1074 3827 suppediteturj
1093 3766 1136 3814 Sic
1148 3764 1197 3813 scri
1214 3762 1233 3811 ei
1248 3769 1347 3811 auctore
1360 3760 1413 3806 Klo-

252 3835 300 3869 ooa
315 3826 416 3871 arttatne
430 3828 567 3883 tpaonu'ato.
593 3828 722 3887 tpnoma'nto
733 3831 827 3889 officere
850 3834 896 3878 tato
914 3830 938 3877 in
960 3829 1024 3877 aad.
1040 3848 1064 3896 p.
1078 3834 1136 3881 tara.
1153 3848 1183 3881 ex
1196 3782 1255 3879 ilat.
1272 3830 1299 3878 P.
1314 3824 1379 3877 Gud.
1397 3825 1414 3873 l-

251 3891 336 3948 poterit
351 3892 502 3949 sapientem?
528 3892 581 3955 Ego
599 3893 698 3941 meatim.-
722 3898 749 3944 lt
766 3899 828 3943 entra
853 3894 903 3945 Pal.
922 3894 946 3946 l.
968 3896 1042 3945 Fabr.
1060 3898 1141 3948 notra.
1151 3897 1249 3950 Daiabs
1267 3888 1414 3963 proximent

254 3958 365 4029 natan.
383 3959 605 4019 tynomtatopotertt
617 3964 708 4023 olm
727 3962 753 4010 si
769 3978 827 4010 vero
853 3963 918 4012 hanc
941 3963 1089 4029 scripurarum
1116 3964 1216 4015 aner-dit
1238 3966 1414 4026 suppeditantem

254 4015 372 4095 lustrum:
399 4030 428 4073 tt
442 4029 502 4073 eatan
518 4029 567 4074 atne
581 4030 629 4087 ton.
642 4056 665 4065 -
679 4032 773 4091 officere
787 4044 827 4078 so·
853 4029 920 4096 quod
937 4041 975 4078 est
988 4030 1014 4079 in
1025 4030 1091 4080 Gud.
1103 4035 1132 4083 tt.
1141 4032 1166 4081 b.
1182 4035 1206 4097 (a
1223 4050 1260 4098 pr.
1269 4026 1411 4093 maviudt·

252 4089 369 4159 puerilem,
385 4087 434 4135 loni
450 4094 574 4142 sententia
591 4093 627 4140 sie
641 4097 760 4159 rompleri
778 4113 827 4161 po·
853 4114 903 4146 uno
921 4099 980 4153 Ox.;
1007 4098 1111 4163 pluralis
1136 4117 1166 4148 ex
1186 4097 1412 4165 praecedentium

253 4156 329 4195 tent:
349 4154 377 4198 Al
392 4156 453 4201 enim
467 4160 517 4205 sine
531 4162 667 4220 ipnorninio.
686 4164 828 4222 »lpnomr'uio
852 4164 918 4230 quod
938 4182 984 4231 pro
1002 4165 1091 4229 plurali
1106 4164 1262 4219 habebatur.
1281 4166 1351 4215 laoile
1363 4155 1414 4209 oliti

255 4216 399 4301 mlmrattllo
415 4225 489 4275 potest
505 4228 598 4284 officere
614 4230 758 4288 sopientur,
775 4240 826 4286 aut,
852 4232 949 4295 potuita
974 4232 1004 4279 ll.
1020 4249 1061 4297 ap.
1083 4236 1141 4282 tt'es.
1160 4235 1214 4284 Em.
1233 4235 1266 4285 li.
1282 4232 1354 4299 ,aad
1367 4242 1413 4289 sup·

255 4281 405 4329 'tltll‘mtst
425 4283 476 4329 ΕΜ·
495 4288 513 4363 l:
528 4291 603 4351 p-t'r'.
619 4292 681 4351 vult,
700 4297 727 4339 tt
742 4307 761 4340 e.
777 4299 826 4343 at.
850 4299 953 4358 orditer,
979 4297 995 4347 i.
1012 4316 1034 4346 e.
1057 4300 1249 4364 suppeditetur,
1277 4291 1413 4366 apstregd

255 4354 290 4427 aa
306 4351 379 4407 potest
392 4350 491 4397 exaltem
502 4358 634 4426 spuomtnto
648 4360 741 4417 otta?
761 4362 827 4409 Oret-
851 4367 999 4425 soporatur,
1023 4366 1039 4414 i.
1056 4370 1258 4431 estrppertr'teat,
1277 4365 1344 4433 quod
1360 4376 1416 4413 eoa·

254 4417 301 4463 taur
317 4413 383 4491 hune
400 4412 482 4491 locum
497 4432 534 4464 sta
551 4419 682 4482 explanat:
712 4429 742 4471 at
760 4426 825 4474 errim
852 4429 912 4477 nulli
928 4430 1001 4481 codd.
1018 4442 1043 4480 et
1061 4450 1147 4483 omnes
1164 4435 1220 4483 fere
1234 4435 1295 4485 edd.
1306 4443 1365 4483 rett.
1377 4430 1416 4479 lm·

254 4480 323 4530 nullu
336 4480 470 4559 ignominia
479 4481 653 4536 alliciebantur
661 4491 825 4554 peregrinari-
850 4493 926 4551 bent;
954 4500 994 4547 Or.
1013 4516 1034 4549 c.
1049 4501 1111 4550 Dar.
1130 4499 1171 4548 ed.
1185 4502 1212 4551 2.
1230 4518 1246 4552 e
1263 4501 1329 4553 oeni.
1341 4508 1414 4561 ruppe·

255 4559 294 4599 tea
311 4549 352 4598 isti
370 4548 528 4618 phaloaopbi,
550 4562 637 4603 contra
655 4572 728 4623 quam
744 4570 781 4607 est
799 4559 823 4608 in
849 4563 922 4611 ditet:
947 4565 1015 4629 qrrod
1039 4565 1060 4614 si
1084 4566 1201 4627 radicum
1218 4568 1369 4621 auctoritate
1382 4562 1413 4613 ni·
