2888 5512
273 310 335 375 itti‘t
697 322 818 370 ranan
837 321 866 370 v.
883 318 934 381 35,
957 318 1013 370 too.

274 443 450 529 parsimonia
470 442 668 515 delcetantur,
702 452 732 501 ut
756 440 790 501 de
809 437 1055 501 lacedaemoniis
1083 437 1180 519 paullo
1205 448 1276 500 aute
1305 438 1429 503 diximus.

272 554 428 619 Persarum
444 574 461 615 a
480 550 675 635 Xenophonte
698 550 792 611 vir-tus
806 550 982 634 exponitur,
1015 569 1088 631 quos
1108 558 1199 631 negat
1215 548 1252 610 od
1271 570 1372 632 pann
1389 550 1430 613 el·

272 666 372 727 hibero
392 664 545 747 quicquam
562 673 679 745 praeter
695 661 880 723 nasturtium.
929 658 1118 741 Quanquam,
1143 658 1169 721 si
1189 660 1331 742 quaedam
1351 660 1428 725 etiarn

271 776 408 839 suaviora
423 784 526 836 natura
542 773 705 849 desideret,
730 793 816 854 quarn
830 770 920 832 multa
935 792 974 832 ex
990 782 1069 832 terra
1084 770 1303 853 arboribusque
1315 772 1427 855 gignun-

271 898 317 947 tur
336 890 447 968 quuml
467 884 550 967 copia
569 882 663 959 laeili,
695 891 754 943 tum
778 882 923 943 suavitate
950 881 1169 965 praestantia²l
1217 880 1307 943 Adde
1325 879 1428 959 simite·

272 1008 347 1073 tem,
373 1015 448 1079 quae
463 994 653 1077 consequitur
668 992 741 1054 hanc
756 992 964 1055 continentiam
983 991 1012 1053 in
1032 991 1129 1070 victu3
1153 992 1229 1055 adde
1246 992 1428 1075 integritatem

271 1105 458 1169 valetudinis.
506 1113 580 1167 100.
604 1101 717 1165 Conlcr
731 1103 888 1179 sudantes,
914 1112 1076 1178 ructantes,
1101 1104 1229 1165 relertos
1248 1104 1351 1187 epulis,
1373 1113 1429 1165 tan·

271 1238 356 1300 quam
372 1214 484 1299 opimos
503 1214 613 1292 boves3
639 1224 697 1276 tum
716 1214 879 1296 intelliges,
911 1214 957 1295 qui
975 1213 1152 1297 voluptatem
1173 1213 1303 1275 maxime
1318 1234 1429 1297 sequat-

272 1338 336 1403 tur,
361 1347 414 1389 eos
430 1325 549 1387 nairrime
564 1325 722 1407 consequi,
755 1324 1019 1407 iucunditatemque
1035 1323 1131 1385 victus
1148 1342 1217 1386 esse
1237 1325 1270 1386 in
1287 1324 1430 1403 desiderio,

272 1460 331 1501 raon
354 1437 382 1499 in
407 1436 556 1499 sotietate.

354 1544 494 1609 XXXV.
540 1545 745 1622 Timotheum,
776 1545 884 1607 clarum
912 1545 1056 1606 hominem
1078 1542 1207 1606 Athenis
1228 1556 1261 1607 et
1284 1544 1430 1629 prinoipem

271 1659 415 1732 civitatis,
442 1660 551 1733 lerunt,
575 1678 661 1738 quum
673 1658 861 1718 eoerravisset
876 1656 949 1737 apud
966 1653 1119 1718 Platonem
1133 1675 1231 1739 eoque
1246 1654 1432 1717 convivioad·

271 1770 387 1831 modum
405 1767 565 1829 delectatus
583 1778 663 1829 esset
681 1767 861 1849 vidissetque
875 1788 942 1829 eunt
960 1765 1120 1849 postridie,
1144 1766 1279 1829 dixisse:
1308 1764 1435 1831 Vestrae

271 1877 396 1962 quidem
411 1896 533 1940 (tornae
545 1897 610 1939 aaran
627 1879 729 1940 soleam
748 1878 782 1939 in
800 1879 1011 1959 praesentio,
1043 1877 1102 1941 sed
1118 1879 1218 1940 etium
1230 1884 1363 1959 postero
1384 1876 1435 1941 die

272 1989 430 2053 iucundae
452 1996 532 2052 serrat.
578 1987 677 2071 Quid?
700 1988 774 2071 quod
798 2008 835 2049 ne
854 1998 951 2050 mente
973 1987 1087 2070 quidem
1111 1999 1198 2051 recte
1220 1988 1264 2051 uti
1282 2006 1431 2072 pmsomm

341 2160 351 2208 l
373 2162 414 2208 Or.
432 2176 453 2207 c.
467 2160 510 2207 W.
528 2176 541 2205 e
560 2158 625 2206 eoni.
643 2168 668 2205 et
684 2156 740 2205 cod.
755 2156 780 2205 b.
798 2162 865 2219 lum,·
880 2156 960 2213 maile,
979 2175 1002 2205 v.
1020 2156 1052 2206 atl
1068 2174 1090 2205 c.
1108 2154 1158 2217 25,
1178 2154 1219 2210 7¹2.
1250 2154 1309 2207 2r.
1324 2156 1386 2207 thn.

272 2261 298 2309 in
320 2260 350 2308 L.
369 2260 411 2306 Gr.
432 2262 452 2324 §-
471 2258 525 2307 tati.
550 2275 575 2323 p.
592 2258 690 2323 atasq.
712 2257 751 2306 ed.
766 2260 791 2307 'd-
817 2268 842 2307 et
866 2260 924 2320 quid
942 2269 1021 2315 esset,
1049 2256 1116 2324 quod
1134 2257 1199 2309 disci
1220 2268 1320 2327 posset,
1343 2277 1374 2310 eo
1390 2277 1432 2309 re-

271 2330 390 2375 lloautius
404 2323 528 2389 ap.0rell.
544 2325 600 2373 Vol.
614 2326 655 2374 tv.
673 2326 699 2375 P.
714 2330 732 2376 Ι.
749 2324 842 2392 phil.
868 2326 984 2375 niendum
1009 2326 1189 2377 iudicaverunt.
1233 2328 1313 2379 Etiam
1336 2346 1381 2394 pro
1400 2328 1433 2377 bl.

272 2394 364 2442 versari
386 2392 510 2441 videntur.
548 2393 635 2459 Neque
658 2394 735 2459 magis
761 2392 843 2459 placet
868 2394 974 2443 Fonteio
992 2394 1016 2447 7,
1039 2396 1074 2443 tf).
1111 2398 1218 2446 Klotzius
1236 2414 1302 2445 nunc
1324 2398 1358 2463 tin
1375 2394 1433 2445 ddd.

271 2464 388 2523 hlodciqii
406 2461 438 2509 ad
456 2460 507 2508 l'in.
522 2462 552 2509 V.
567 2462 597 2521 ll,
615 2464 656 2511 ut.
674 2462 767 2527 pota.
784 2479 843 2509 sen·
870 2480 894 2527 p.
912 2462 976 2519 lbetl
1005 2480 1024 2510 c.
1049 2461 1163 2512 blanutio
1188 2464 1321 2529 legendum
1343 2474 1433 2513 censa:

270 2528 357 2588 tentio,
374 2528 415 2607 qui
429 2532 533 2591 quisquis
549 2546 687 2594 pronomen
699 2540 788 2579 neutro
797 2546 844 2595 ,qe-
868 2536 894 2579 ut
907 2532 1017 2591 quicquid
1033 2548 1062 2578 er
1073 2530 1117 2578 illo
1129 2530 1188 2581 loco
1199 2532 1303 2591 dicetur,
1321 2531 1357 2580 uti
1366 2534 1435 2581 ώιι

271 2616 330 2647 nere
354 2608 428 2647 ettam
453 2596 519 2662 apud
542 2597 703 2655 Ciceronem,
730 2597 843 2663 deposita
869 2596 924 2646 cod.
950 2601 994 2647 Oa.
1020 2600 1045 2647 S.
1069 2598 1139 2663 legit.
1167 2598 1199 2647 de
1219 2602 1260 2649 Or.
1281 2603 1298 2651 l.
1316 2600 1355 2653 27.
1376 2600 1433 2651 123:

271 2665 366 2715 relativi
385 2676 485 2722 natura,
512 2682 565 2713 eam
590 2664 740 2729 singularum
762 2682 842 2714 rerum
869 2681 960 2731 „quum
975 2682 1084 2715 caturam
1096 2684 1251 2731 quaererem,
1268 2667 1435 2735 quidnames·

271 2731 492 2797 significationem,
511 2750 572 2797 quae
588 2733 612 2779 in
630 2737 724 2794 quisque
740 2733 780 2791 sit,
799 2750 842 2782 ao-
868 2744 921 2787 set,
949 2751 1005 2792 rur,
1032 2733 1056 2783 in
1078 2750 1173 2797 quoquo
1194 2746 1294 2785 oratore
1310 2734 1435 2802 plurimum

271 2801 353 2865 cipere.
369 2798 465 2847 statuit.
494 2799 583 2863 Negavi
598 2800 697 2863 quidem
716 2816 765 2849 rron
782 2812 842 2866 pot·
868 2811 941 2857 esset,
960 2801 993 2849 ita
1007 2802 1113 2850 maxime
1127 2802 1147 2850 is
1162 2804 1364 2868 pertimesceret·‘
1379 2821 1435 2853 rer·

270 2878 322 2927 est,
341 2866 484 2916 ereretium
502 2878 615 2915 neutrum
631 2870 757 2928 quicquid,
775 2869 842 2917 rela-
868 2869 899 2918 ba
915 2868 949 2917 ita
967 2869 1132 2919 construenda
1149 2882 1223 2920 sunt:
1250 2872 1433 2927 curitontor.

270 2937 322 2986 tiva
346 2934 416 2984 lartius
440 2934 593 3001 pronominis
614 2944 700 2982 natura
719 2936 841 3001 neglectu,
867 2937 1142 3003 inquoquuplurimum
1153 2949 1228 2997 esset,
1245 2940 1434 3007 munioneperm

270 3022 317 3072 pro
335 3008 431 3067 quicque
447 3019 521 3068 saepe
539 3019 675 3067 rrsnrposse,
694 3011 721 3051 ut
736 3012 760 3063 2,
776 3004 840 3056 957:
867 3004 976 3070 sequitur
1000 3010 1049 3066 ilo,
1074 3006 1144 3072 quasi
1166 3008 1340 3058 antecesserit:
1364 3012 1388 3055 ul
1409 3010 1434 3055 in

270 3073 296 3123 in
310 3089 368 3122 suos
382 3072 492 3134 quicquid
506 3081 615 3123 meaturi
632 3069 677 3118 serl
694 3070 763 3119 unius
777 3072 840 3121 scri-
866 3088 955 3135 quoque
977 3089 1013 3121 or.
1033 3074 1066 3138 pl.
1085 3084 1165 3131 esset,
1194 3075 1230 3124 uti
1251 3076 1325 3143 vulgo
1341 3074 1433 3141 legitor.

272 3141 351 3207 proris
367 3156 437 3188 error
453 3156 502 3188 uon
517 3149 553 3187 est
569 3137 703 3187 trahendus
721 3138 753 3187 ad
771 3138 840 3189 alios.
868 3142 936 3189 Darae
962 3141 1160 3191 constructiones
1187 3144 1309 3193 oonlusoe
1332 3154 1387 3193 suot
1410 3141 1433 3191 in

271 3210 345 3259 Certe
366 3206 430 3272 apud
452 3207 597 3256 Ciceronem
619 3206 699 3255 nullus
717 3206 841 3257 invenitur
866 3225 947 3257 uuam.
997 3210 1022 3257 lu
1055 3210 1191 3275 exemplis,
1223 3212 1299 3277 quale
1324 3223 1360 3261 est
1384 3210 1433 3260 tir.

271 3275 352 3333 locria,
378 3276 403 3323 in
422 3293 471 3341 quo
493 3274 589 3324 relativi
606 3274 642 3323 vis
660 3274 771 3340 indagari
791 3292 840 3324 non
866 3273 913 3335 ll,
929 3282 961 3325 li:
982 3274 1073 3327 liberos
1088 3294 1147 3327 suos
1163 3282 1333 3343 quibusquibus
1346 3280 1434 3329 Roma-

269 3344 356 3408 possit.
394 3344 436 3391 uri
460 3342 509 3391 hoc
532 3342 604 3397 loco,
631 3342 666 3391 ita
689 3361 763 3422 saepe
787 3343 841 3393 aliis
865 3342 903 3391 nis
921 3344 1043 3410 mancipio
1060 3344 1167 3403 dabant,
1192 3348 1314 3398 attractio
1330 3358 1369 3397 est
1383 3356 1434 3397 sta-

269 3412 335 3477 apud
353 3410 497 3460 Ciceronem
523 3428 577 3459 cum
599 3411 784 3475 pronominibus
801 3412 840 3461 vel
865 3410 970 3461 tuenda:
999 3412 1129 3471 [lomariis.
1147 3418 1326 3479 quiqeieront,
1343 3415 1378 3464 uti
1395 3412 1433 3463 di-

269 3479 396 3541 particulis
411 3479 520 3527 relativis
536 3478 700 3545 coniungitur.
719 3481 840 3529 Verrlv.
866 3481 929 3529 citur
952 3499 974 3529 v.
994 3498 1015 3528 c.
1035 3498 1174 3545 quocunque
1195 3484 1291 3533 ratione
1308 3498 1366 3547 pro:
1392 3498 1433 3531 ra-

271 3546 315 3601 lh,
334 3548 379 3595 31:
407 3546 441 3593 ita
457 3546 625 3595 odorabantur
640 3547 722 3595 ramniu
739 3558 765 3595 et
781 3566 840 3614 per-
866 3547 949 3603 tione,
975 3565 1135 3616 quaecunque
1159 3560 1206 3603 eet.
1240 3552 1270 3598 V.
1287 3566 1329 3599 uos
1344 3548 1369 3597 ier
1388 3550 1432 3597 Gr.

268 3611 439 3673 vestigabant,
458 3623 499 3669 ut,
517 3617 557 3663 ubi
570 3617 681 3675 quioquid
695 3626 774 3673 esset,
791 3615 840 3664 ali-
866 3616 895 3664 L.
914 3618 936 3681 §.
950 3614 1005 3667 llb'.
1025 3618 1083 3665 Not.
1101 3622 1121 3667 l.

268 3692 316 3742 qua
333 3677 428 3724 ratione
444 3678 597 3738 invenirent,
618 3681 640 3730 h.
651 3700 673 3730 e.
691 3682 731 3730 ubi
746 3683 839 3750 aliquid
916 3684 989 3750 §.titt
1015 3700 1032 3733 o
1047 3688 1205 3751 Xenophonte]
1223 3686 1313 3751 Cyrop-
1329 3686 1345 3733 Ι·
1361 3684 1388 3741 ⁴2,
1406 3684 1432 3735 8·

268 3755 347 3803 esset,
371 3745 481 3805 quicquid
503 3752 566 3793 esset.
603 3747 650 3811 (lbi
668 3758 750 3797 tamen
768 3755 838 3799 Zam·
866 3752 905 3800 Cl.
925 3751 977 3800 rin.
995 3752 1024 3801 ll.
1041 3756 1089 3809 tu,
1107 3751 1151 3803 9⁴2.

265 3818 329 3876 ptius
345 3810 424 3861 edidit
440 3813 552 3873 quicque,
576 3813 644 3878 quod
659 3824 697 3861 est
713 3815 738 3862 io
759 3817 838 3866 llavn.
913 3823 1065 3883 nasturtium]
1083 3818 1215 3887 adaequa.
1231 3820 1262 3868 V.
1274 3818 1385 3869 macher.
1399 3818 1432 3869 etl

269 3880 326 3933 coll.
342 3891 367 3930 et
381 3879 464 3927 Guell'.
480 3880 510 3943 l.)
538 3878 592 3929 Fin.
607 3882 636 3930 V.
652 3882 677 3940 ll,
691 3880 738 3931 ‘tiz
756 3884 837 3944 Qurrm
863 3886 1048 3953 XenophCyr.
1064 3885 1116 3937 td.
1132 3885 1205 3955 pta
1228 3886 1433 3937 (ll-Caelel'iuo.

267 3962 349 4001 autem
377 3947 497 4015 processit
522 3948 628 4014 paullum
655 3960 697 4010 et,
725 3958 838 4013 quolenus
865 3955 895 4002 ll.
912 3954 959 4012 Ἡ,
976 3953 1019 4005 ll'd.

267 4020 377 4079 quicquid
393 4036 420 4066 se.
436 4018 543 4083 attingat
565 4016 596 4065 ad
613 4036 689 4085 seque
708 4020 837 4085 pertineat,
913 4038 984 4083 quum
999 4037 1019 4072 c.
1034 4024 1116 4084 sacili,
1133 4030 1184 4073 tuni
1197 4040 1266 4075 suou-
1279 4020 1431 4091 mortuae]

268 4086 407 4149 perspicere,
422 4085 505 4151 coepit
521 4084 555 4149 qh.
566 4103 587 4133 e.
604 4099 723 4151 quantenus
736 4088 837 4155 aliquid,
865 4090 894 4139 D.
911 4106 924 4137 e
940 4089 1017 4139 Bentl.
1034 4090 1098 4139 corti.
1114 4108 1188 4154 quum
1201 4109 1221 4143 e.
1235 4096 1369 4155 satelliti,
1383 4097 1432 4141 lum

266 4154 376 4211 quicquid
392 4160 440 4213 est,
464 4155 533 4215 atol-
558 4153 589 4202 ad
608 4154 674 4203 llam.
690 4156 739 4210 Vl,
761 4158 788 4212 l,
811 4160 837 4208 l:
862 4172 931 4207 ruoo.
955 4174 1008 4220 ρης
1034 4158 1120 4209 melius
1138 4160 1166 4209 b.
1182 4177 1259 4223 quum
1274 4176 1295 4211 c.
1310 4162 1389 4221 lomb,
1414 4164 1430 4207 t.

265 4232 401 4279 qoacrraqae
416 4219 441 4267 in
457 4220 514 4269 loco
529 4227 633 4284 quisquis
649 4232 700 4275 est,
720 4221 787 4273 idem
800 4236 839 4275 est
863 4240 931 4274 eoae.
953 4230 1149 4288 praestanti.
1195 4228 1290 4279 Ultima
1309 4227 1391 4277 tium
1417 4242 1431 4277 e

266 4284 289 4333 ei
303 4300 388 4330 sensus
403 4300 432 4331 ex
446 4284 547 4335 interitu
564 4306 644 4337 reram
658 4306 753 4338 saiorum
771 4292 806 4355 qh.
817 4310 839 4342 e.
862 4308 915 4357 seq.
934 4296 996 4343 udde
1012 4294 1085 4343 focile
1103 4296 1171 4344 rroeci
1194 4298 1285 4362 potuit.
1317 4292 1430 4345 Probavit

267 4367 414 4418 quoeunque
431 4350 455 4397 in
474 4350 530 4401 loco
547 4355 635 4419 aliquis
655 4366 707 4411 eat,
733 4362 838 4420 quisquis
863 4359 939 4407 etium
959 4364 1015 4412 ll'es.
1033 4364 1085 4411 Em.
1099 4365 1139 4413 lll.
1159 4382 1184 4430 p.
1196 4365 1256 4429 ¹26„
1280 4364 1321 4433 qui
1344 4363 1377 4415 rle
1393 4380 1431 4413 re·

266 4420 317 4483 erl).
346 4437 370 4483 p.
389 4416 484 4465 Cluent.
505 4419 542 4473 th,
560 4422 607 4470 alt:
625 4428 651 4469 ut
664 4426 774 4485 quicquid
789 4444 836 4492 ego
862 4426 928 4475 rioro
944 4430 1058 4479 vocabuli
1080 4438 1204 4492 mersione
1222 4450 1269 4483 usu
1294 4450 1377 4499 comp.
1395 4430 1429 4481 tt'.

265 4486 485 4554 apprehenderam,
503 4486 587 4537 stetim
604 4500 733 4539 accusator
749 4504 835 4543 extor-
861 4494 884 4559 6.
904 4498 935 4543 ¹2:
959 4503 1091 4558 preeslottli
1108 4500 1234 4564 sapientia
1257 4512 1286 4552 et
1306 4500 1429 4553 nobilitate

267 4557 357 4625 quebut
371 4572 385 4604 e
400 4554 511 4605 nrarribas
527 4554 561 4621 lh.
572 4574 593 4609 e.
609 4556 710 4624 aliquid,
726 4564 836 4623 quicquid
862 4562 1025 4640 Pythagoras.
1051 4584 1075 4633 p.
1085 4569 1149 4615 Sest.
1166 4569 1190 4633 5.
1201 4570 1250 4621 91:
1274 4562 1428 4639 qui-prrli

266 4628 334 4677 noll.
361 4627 438 4691 Sapra
456 4626 496 4672 tv.
516 4624 553 4677 lll.
568 4621 615 4676 ll:
633 4630 673 4675 nbi
690 4626 753 4676 enirn
771 4634 835 4689 quie·
861 4639 952 4680 virtute
968 4643 994 4681 et
1011 4634 1115 4683 consilio
1129 4642 1267 4697 proeelonli
1284 4636 1428 4689 nahem
