2888 5512
218 317 281 382 312
656 322 969 389 uaesaniam.

222 451 284 514 lere
297 448 508 533 aegritudinem
522 448 662 525 luuditus,
687 456 738 509 aut
751 446 868 523 sedare,
894 455 945 506 aut
957 443 1113 506 detrahere
1128 463 1215 525 quam
1232 442 1399 527 plurimum,

223 571 273 623 aut
297 559 478 643 supprimere
505 578 559 620 nec
582 558 640 641 pati
668 577 788 619 manare
812 555 947 637 longius,
980 564 1029 616 ant
1056 554 1091 614 ad
1118 552 1197 614 alia⁶
1231 554 1399 617 traducere.

225 679 277 734 to.
302 666 396 746 Sunt,
420 668 468 751 qui
481 688 570 729 unum
590 665 714 728 officium
728 646 1043 746 corrsolautis'putent,
1068 663 1175 724 malum
1190 663 1259 725 illud
1281 664 1402 726 omnino

225 800 285 843 uon
306 798 389 852 esse,
420 789 454 840 ut
475 774 611 840 Cleanthi
635 776 742 860 placet.
790 772 885 852 Sunt,
910 773 959 857 qui
981 795 1039 835 non
1060 793 1196 854 uragnum
1214 774 1342 851 malum,
1372 784 1403 837 ut

226 888 426 973 Peripatetici.
473 885 569 965 Sunt,
599 887 647 969 qni
667 885 872 947 attractata
898 883 980 946 malis
1002 884 1037 945 ad
1061 882 1159 959 bona,
1189 892 1221 944 nt
1243 881 1398 967 Epicurus.

226 996 319 1077 Sunt,
351 998 400 1080 qui
418 997 490 1059 satis
506 1006 607 1079 putent
627 997 802 1071 ostendere,
835 994 907 1055 nihil
925 992 1065 1076 inopinati
1089 991 1254 1069 accidisse,
1287 994 1399 1075 †uihil

226 1108 294 1173 mali
311 1107 345 1185 †.
390 1103 574 1191 Chrysippus
589 1115 686 1168 autem
700 1115 785 1188 caput
797 1123 865 1166 esse
878 1114 982 1165 censet
991 1102 1021 1164 in
1035 1102 1230 1180 consolando,
1248 1103 1400 1166 detrahere

227 1218 305 1282 illam
320 1217 486 1302 opinionem
501 1217 656 1292 maerenti,
679 1214 704 1276 si
718 1216 777 1276 se'
795 1211 888 1275 officio
906 1210 984 1296 iungi
1000 1221 1081 1294 patet
1095 1211 1172 1275 iusto
1186 1221 1276 1294 atque
1290 1212 1399 1275 debito.

293 1394 310 1445 5
327 1394 369 1445 Sic
385 1397 426 1445 Or.
443 1410 464 1445 c.
481 1393 509 1445 ll.
524 1394 551 1443 P.
566 1394 624 1445 Vat.
641 1391 685 1442 Gr.
700 1391 726 1441 b.
750 1400 776 1440 et
791 1389 915 1457 plerisque
936 1387 991 1439 eliis
1014 1387 1104 1446 codd,
1129 1387 1172 1437 ulii
1194 1387 1260 1437 male
1278 1390 1312 1438 od
1326 1390 1399 1439 olium

227 1469 270 1523 tr.;
289 1464 347 1512 Ern.
361 1481 383 1512 r.
399 1460 484 1513 Guell.
501 1463 535 1510 ad
551 1463 602 1510 utto
618 1465 716 1510 mentem
732 1464 760 1509 tr.
777 1476 807 1508 ex
822 1455 939 1523 interpol.
980 1451 997 1505 6
1017 1456 1054 1505 De
1075 1456 1210 1518 adducent,
1235 1459 1294 1507 setis
1312 1462 1401 1519 pum,

227 1532 339 1593 arrepunt
354 1547 378 1582 v.
394 1528 460 1579 aun.
495 1526 511 1579 7
529 1546 553 1579 v.
573 1526 638 1578 adn.

279 1650 302 1714 t.
316 1645 357 1700 76.
374 1650 443 1707 Sunt,
459 1650 501 1708 qui
513 1674 547 1685 -
560 1645 652 1760 putea?
670 1644 713 1694 Sic
727 1643 801 1709 volgo
826 1642 967 1710 periculosa
989 1650 1014 1690 et
1035 1640 1116 1692 calida
1138 1640 1244 1693 consilia
1267 1640 1357 1708 qnietis
1373 1650 1400 1691 et

228 1714 326 1780 legitur.
364 1713 474 1762 Davisius
491 1730 520 1760 ex
536 1712 573 1762 El.
588 1714 612 1762 2.
649 1710 701 1760 edit
717 1718 802 1774 putant
827 1710 942 1775 cogitatis
966 1720 991 1758 et
1010 1708 1182 1776 splendidiora
1202 1719 1230 1759 et
1249 1708 1341 1758 maiore
1359 1707 1399 1756 vi-

229 1784 265 1847 (et
286 1780 323 1829 sie
340 1780 409 1828 Mon.
427 1780 451 1829 ’1.
474 1778 548 1827 vind.
565 1778 614 1839 1.),
642 1778 698 1844 quia
714 1778 739 1827 iu
758 1794 801 1827 sc-
826 1776 940 1826 deantur.
985 1778 1017 1825 tt.
1038 1776 1055 1825 l.
1081 1776 1231 1827 indicativus
1255 1786 1324 1825 reete
1345 1792 1400 1825 eece

227 1846 359 1915 quentibus
374 1845 521 1895 indicativae
537 1845 632 1911 positus
648 1856 728 1895 esset:
748 1852 802 1895 runt
826 1844 918 1901 hebet,
937 1844 994 1910 quia
1008 1842 1189 1909 intelliguntur,
1207 1842 1240 1893 de
1255 1842 1344 1909 quibus
1357 1860 1401 1891 eu-

226 1919 268 1978 put
283 1915 417 1976 obducunt,
433 1919 487 1963 aaut
501 1916 542 1975 pat
557 1917 616 1963 rotis
631 1919 730 1976 putent,
748 1919 803 1963 sunt
827 1929 873 1978 pra
886 1911 991 1961 dixerat.
1016 1910 1080 1960 lbid.
1094 1912 1172 1971 adt:
1190 1915 1251 1962 Sunt
1265 1910 1340 1969 euim,
1354 1914 1401 1972 qui,

227 1986 313 2042 etam,
337 1984 378 2043 oui
402 1984 520 2043 collipunt
554 1979 660 2029 Orelliue
676 1990 761 2030 tamen
778 1996 800 2029 e.
828 1978 896 2044 quod
917 1979 1044 2035 sentiunt,
1072 1977 1148 2027 etiam
1169 1977 1192 2027 ei
1214 1978 1338 2044 optirm
1361 1976 1402 2037 ait,

226 2048 324 2100 Wollic
342 2066 357 2097 e
374 2049 439 2098 coni.
457 2047 563 2097 Erneatii
587 2058 676 2097 contm
693 2047 801 2097 omnium
826 2056 909 2095 tamen
926 2044 1035 2094 invidiae
1049 2055 1117 2095 metu
1133 2062 1185 2095 nou
1201 2049 1292 2095 audead
1307 2044 1400 2094 dicere:

229 2115 303 2167 codd.
321 2126 349 2165 et
365 2115 422 2165 edd.
440 2124 502 2166 vett.
519 2114 696 2165 auctoritatam
714 2113 800 2163 dedit:
827 2112 867 2161 nbi
891 2122 977 2161 tamen
1001 2112 1144 2171 Ernestiue,
1176 2128 1229 2161 nno
1252 2112 1400 2179 suffragante

228 2186 357 2244 abducant,
371 2187 431 2232 satie
439 2186 529 2243 putent,
545 2184 662 2243 colligunt.
685 2179 800 2232 V.0rel·
827 2180 896 2239 MS.,
923 2180 1031 2228 conenit
1055 2182 1167 2229 audeant.
1209 2178 1313 2229 Sallust.
1333 2178 1398 2229 Catil.

227 2249 256 2300 lii
271 2249 310 2298 ed.
328 2248 401 2300 tete.
426 2247 616 2297 Coniunctivum
630 2247 705 2297 etiarn
717 2249 801 2309 Trepd.
826 2264 849 2296 c.
862 2248 906 2297 tet:
926 2249 986 2297 Sunt
1002 2251 1043 2309 put
1056 2250 1091 2296 itu
1106 2249 1204 2297 caum:
1222 2246 1291 2314 quod
1308 2244 1399 2297 Certim

228 2314 331 2383 reecpit,
349 2324 375 2363 et
393 2316 451 2363 Wes.
465 2316 484 2365 l.
503 2332 528 2381 p.
542 2313 578 2367 17.
596 2315 719 2381 probarit.
746 2316 801 2379 ligo
827 2312 968 2378 rescripsit,
993 2313 1104 2364 omnium
1128 2313 1182 2363 fere
1201 2313 1278 2364 codd.
1293 2311 1395 2363 ιιιαοτί-

229 2399 328 2462 qnoque
337 2381 457 2431 Orellium
472 2391 571 2431 secutus
582 2398 646 2443 enm,
661 2398 802 2451 quanquam
827 2390 880 2429 tute
896 2379 977 2441 uriam,
1000 2398 1031 2430 ae
1046 2390 1114 2429 recte
1130 2380 1234 2446 quidem
1248 2380 1356 2431 maflare
1368 2378 1397 2429 ob

229 2467 307 2516 magus
331 2448 392 2499 mibi
418 2449 502 2516 placet
528 2466 550 2499 c.
576 2448 677 2501 Decitio
702 2450 800 2515 legere:
827 2446 938 2498 additum
954 2448 1067 2497 voculam
1083 2452 1127 2497 ito.
1162 2447 1219 2497 Alia
1236 2466 1276 2498 res
1293 2458 1346 2507 eet,
1362 2446 1398 2497 nbi
1440 2504 1442 2513 Ι

228 2525 298 2578 sunt,
319 2521 361 2580 put
374 2544 409 2555 -
422 2520 507 2580 putent
528 2524 555 2566 et
575 2522 644 2581 aaut,
668 2520 711 2583 qul
725 2518 803 2567 obdu·
827 2515 904 2565 verbo
929 2521 983 2566 sunt
1006 2515 1144 2564 subiectum
1168 2516 1209 2565 vel
1236 2514 1397 2582 praedicatum

229 2590 284 2634 cunt
299 2610 348 2645 —‚
372 2590 426 2634 mna
444 2588 486 2646 otti
500 2610 534 2622 -·
545 2590 646 2649 pulunl5
669 2582 716 2635 sed
731 2582 803 2633 diffi-
828 2582 940 2632 additum
955 2592 1002 2633 eet.
1037 2585 1063 2631 lu
1080 2581 1202 2631 eiusmodi
1218 2583 1280 2633 locis
1296 2592 1323 2632 et
1338 2580 1396 2632 iudi·

229 2648 277 2699 cile
291 2658 329 2697 eet
344 2650 396 2698 h.l.
414 2667 465 2700 rem
479 2649 623 2712 diiudicare,
641 2650 698 2719 quie
714 2649 803 2717 optimi
829 2648 936 2699 oetivum
953 2659 979 2699 et
995 2649 1180 2699 coniunctirum
1198 2650 1286 2717 sequi,
1312 2661 1394 2700 certum

229 2712 302 2765 codd.
316 2715 421 2780 primurn
435 2724 523 2776 putent,
539 2716 630 2766 deiude
643 2718 804 2768 indicativum
829 2726 875 2767 eet.
900 2719 943 2766 ΙΙΙ.
958 2715 1000 2775 ¹26,
1014 2716 1055 2768 63.
1074 2716 1165 2767 rectius
1181 2717 1237 2767 eine
1250 2716 1328 2767 dnbio
1341 2714 1394 2765 scri·

229 2780 338 2841 habeut,
365 2780 401 2828 uti
426 2784 442 2830 l.
461 2782 493 2841 9,
514 2784 559 2833 ld:
585 2794 695 2832 eunt-
712 2784 755 2850 qni
772 2813 801 2823 -
828 2784 896 2835 bitur
916 2786 1017 2833 delectet.
1051 2785 1130 2834 Porro
1145 2802 1160 2834 a
1177 2802 1269 2851 prosae
1287 2781 1395 2835 orationis

228 2854 328 2914 penne
351 2846 436 2914 paullo
463 2857 533 2912 post:
560 2859 617 2898 erint
640 2848 682 2914 qui
699 2880 734 2889 —
750 2866 803 2901 ecn-
827 2851 990 2917 scriptoribus
1006 2851 1151 2901 secernendi
1167 2862 1228 2900 sunt
1245 2858 1345 2918 podte'e,
1359 2847 1394 2917 qui

229 2922 303 2971 narrt.
336 2915 385 2965 Rea
407 2914 455 2965 hac
470 2914 567 2964 ratione
584 2915 682 2965 videtur
705 2917 803 2967 musti-
828 2917 1395 2984 indicativoetcouiunetivopromiscueuton·

228 2983 329 3036 tuenda.
365 2984 425 3033 Post
442 2988 495 3033 eunt
511 2986 552 3045 qui
570 2992 597 3032 et
611 2983 760 3034 indicativus
777 2996 803 3034 ct
828 2995 876 3035 tur.
896 2986 1012 3036 Ceterum
1026 2984 1090 3035 hanc
1105 2985 1207 3035 dicendi
1221 2982 1395 3037 rationemriri

230 3052 409 3112 coniunctivae,
428 3050 526 3100 diversa
534 3063 616 3100 tamen
631 3051 737 3113 ratione,
753 3069 803 3117 po-
828 3051 898 3101 dueti
915 3053 1028 3103 certatim
1038 3052 1168 3104 enucleare
1179 3064 1206 3103 et
1217 3053 1343 3105 illustrare
1356 3068 1394 3102 co-

229 3121 305 3171 nitar.
341 3119 491 3170 indicativus
507 3118 632 3186 nequitur,
651 3137 725 3187 quum
739 3119 802 3170 sori-
828 3119 881 3169 irati
902 3130 976 3169 eunt:
1007 3135 1111 3189 quorum
1132 3120 1273 3171 sententiar
1296 3120 1393 3171 diram

229 3197 288 3255 ptor
311 3198 392 3238 certos
416 3184 536 3254 quosdam
560 3187 689 3247 homines,
714 3186 803 3238 circii
828 3186 893 3236 inter
915 3204 991 3254 seque
1013 3186 1093 3237 diacoe
1127 3196 1184 3237 ntea
1205 3187 1361 3239 dmnmeme
1374 3198 1394 3235 et

229 3262 302 3303 antee
315 3253 363 3302 iam
380 3254 567 3303 commemorati
579 3266 646 3315 enuit,
662 3255 716 3306 sive
725 3254 803 3305 menti
827 3270 956 3303 recensere
982 3271 1057 3321 quum
1081 3273 1096 3305 a
1139 3254 1189 3305 hoc
1215 3256 1274 3306 loco
1299 3254 1396 3305 elichum

229 3318 405 3379 obversantur,
426 3330 514 3371 notare
530 3321 591 3372 vult.
628 3323 803 3373 Coniunctivue
829 3338 883 3371 esse
898 3321 1019 3380 videatur,
1037 3321 1058 3370 ai
1074 3322 1128 3388 quis
1143 3340 1186 3372 eae
1202 3322 1344 3373 examinare
1357 3337 1395 3371 rc·
1434 3372 1437 3377 ,

227 3394 311 3435 antem
329 3389 446 3452 ponitur,
471 3404 546 3455 qurum
567 3390 713 3441 attributira
732 3390 804 3441 notio
828 3388 873 3448 lit,
889 3388 979 3450 edent,
997 3400 1024 3437 ut
1039 3389 1100 3439 alios
1114 3400 1221 3453 taceam,
1237 3384 1396 3441 mat

228 3462 345 3516 tanquam
365 3472 408 3513 ea,
436 3472 500 3520 qnae
515 3473 545 3506 ex
562 3457 664 3507 clicerius
682 3474 803 3524 personae
830 3456 908 3507 (licor.
924 3456 956 3505 de
970 3456 1049 3507 Finib.
1069 3459 1093 3515 l,
1110 3456 1152 3507 ¹20.
1172 3475 1200 3524 p.
1215 3454 1300 3571 971ςι.Ι
1325 3458 1394 3503 Gero-
1436 3492 1439 3499 .

228 3528 271 3569 ant
287 3518 323 3567 rei
339 3531 427 3571 natura
442 3523 554 3587 sequitur
570 3535 613 3574 aut
628 3525 740 3581 ducitur,
765 3526 802 3574 ai·
827 3526 896 3577 bord
912 3524 944 3573 ad
962 3523 1034 3575 Offic.
1052 3526 1070 3574 l.
1087 3522 1117 3585 2,
1136 3526 1162 3575 b.
1183 3522 1244 3593 pall·
1298 3521 1389 3581 Mori

228 3584 368 3703 pollicenda
385 3598 438 3645 est,
463 3597 491 3635 ut
511 3589 573 3639 haee
589 3590 648 3639 lusit
662 3590 801 3642 sententia:
828 3591 860 3640 ad
875 3591 963 3641 Horat.
976 3593 1027 3641 Sat.
1043 3592 1061 3640 l.
1078 3588 1102 3647 4,
1118 3588 1159 3641 24.
1177 3588 1254 3658 ρ.9’2.
1268 3588 1342 3639 etad
1351 3586 1395 3635 tte.

247 3650 355 3709 omines,
399 3652 423 3699 ui
442 3650 477 3701 itu
500 3664 559 3703 eunt
581 3656 732 3721 comparati,
759 3666 802 3707 arat
828 3660 861 3711 N.
879 3660 910 3710 D.
928 3661 966 3716 ΙΙ,
984 3658 1025 3710 32.
1051 3674 1077 3724 p.
1097 3656 1153 3707 195.
1188 3662 1264 3709 Βόα.
1280 3656 1315 3707 ad
1329 3653 1394 3706 otta

229 3716 366 3787 quleiusm
402 3716 493 3777 dsunt,
511 3730 548 3769 ut·
582 3721 666 3772 Veluti
684 3729 803 3785 cnutum
829 3726 847 3774 l.
865 3725 896 3785 2,
914 3728 939 3777 5.
957 3728 1036 3792 p.ll.
1071 3727 1229 3776 hetthim
1250 3722 1285 3773 ecl
1302 3735 1395 3789 or-ptv

227 3790 309 3840 ducat
331 3795 369 3837 eet
389 3787 576 3847 contermina,
599 3792 641 3850 qut
656 3790 691 3837 tta
706 3804 803 3852 compu-
829 3792 856 3843 1³.
873 3792 960 3844 Sextio
979 3794 1060 3854 xtv,
1078 3790 1118 3845 96-
1157 3794 1234 3843 Kritz.
1251 3790 1286 3841 nd
1303 3789 1394 3841 eattae

226 3860 358 3918 rattruut,
381 3854 508 3905 utdieunt
545 3854 584 3906 Cf.
603 3872 649 3906 nos
667 3854 691 3904 in
710 3856 754 3905 Gr.
773 3858 802 3907 L.
829 3857 900 3907 Catil.
927 3862 1009 3920 xlx,
1028 3855 1053 3910 4.
1095 3860 1263 3911 Ruddtmmer.
1291 3860 1350 3909 luet.
1368 3854 1395 3905 t.

228 3924 249 3987 fl.
262 3922 317 3976 146.
332 3924 394 3975 Not.
406 3921 429 3975 7.
444 3931 470 3972 et
479 3923 597 3972 &mlum
608 3922 641 3973 ad
650 3924 725 3974 Corn.
737 3925 802 3990 Nep.
828 3926 857 3973 t..
873 3928 904 3975 ll.
931 3945 956 3993 p.
971 3925 1030 3980 319.
1055 3924 1144 3977 Stallb.
1179 3928 1325 3978 Romahom.
1344 3924 1393 3975 ht·

227 3990 292 4042 Mitt.
312 3990 401 4052 lll,2.
421 4008 446 4056 p.
459 3990 495 4041 lli.
533 3992 583 4039 lam
606 4008 666 4040 vero
685 3993 800 4059 quoniam
828 3993 872 4043 Gr.
891 3994 985 4059 §.lid
1006 3996 1028 4045 l.
1065 3995 1168 4044 thner.
1187 3991 1355 4045 L.Gr.l.d·
1432 4018 1439 4033 ·

225 4054 288 4104 haee
303 4057 403 4108 dicendi
420 4056 527 4107 formula
542 4057 576 4107 ibi
594 4059 652 4124 poni
668 4059 740 4117 solet,
760 4060 800 4109 ubi
876 4076 950 4111 unum
963 4065 1068 4124 osticium
1081 4063 1329 4177 eomumtupmapp
1345 4060 1394 4109 ΡΜ
1439 4058 1442 4121 j

225 4136 277 4170 nou
294 4133 376 4172 certor
400 4124 520 4189 quosdam
541 4125 653 4175 homines
674 4125 801 4191 significa·
824 4134 905 4189 patent
931 4129 1057 4189 Davisius,
1082 4128 1233 4179 Lambinum
1253 4131 1305 4179 Ben
1324 4126 1393 4177 etam·

226 4203 295 4245 mus,
313 4187 407 4253 liquide
422 4202 539 4257 apparet,
565 4211 608 4243 eur
624 4193 649 4243 in
666 4192 714 4242 lruu
731 4203 799 4243 stru·
826 4213 873 4260 qne
896 4207 1010 4257 secturus,
1037 4196 1128 4246 adiecit
1144 4198 1244 4259 docem
1271 4196 1319 4247 boe
1335 4188 1395 4243 culm

226 4264 295 4304 ctura
309 4256 389 4304 mutto
403 4256 559 4322 frequentior
571 4261 604 4311 sit
619 4259 799 4323 coniunctivae,
825 4263 865 4312 rel
895 4264 975 4313 simile
1002 4264 1150 4314 vocabulum
1177 4263 1271 4314 deesse
1298 4254 1396 4313 cadoci

225 4338 299 4389 quam
320 4320 476 4372 indicativus.
511 4326 690 4391 Explicationis
716 4344 800 4377 caussa
825 4331 1004 4396 complendae,
1023 4349 1105 4397 comp.
1124 4330 1210 4391 03⁴2,
1228 4330 1277 4385 77:
1295 4325 1399 4406 eritip's·

224 4390 343 4440 nonnulla
359 4388 472 4467 exempla
488 4390 578 4442 afferre
596 4393 689 4446 licebit.
724 4396 798 4446 otto.
824 4408 865 4446 tnr
889 4398 914 4447 in
941 4398 1151 4448 consolationibus
1176 4397 1260 4464 prima
1284 4396 1399 4449 mediana

224 4458 244 4510 I.
259 4454 301 4517 24,
315 4458 361 4508 ild:
384 4458 416 4505 Ut
433 4473 498 4505 enum
514 4465 577 4521 eunt,
591 4462 798 4526 quemadmodum
826 4468 915 4525 docere,
932 4477 974 4515 aut
989 4466 1083 4515 nullum
1099 4465 1191 4515 malum
1205 4482 1279 4527 esse,
1297 4475 1341 4517 aut
1355 4473 1399 4514 cte.

223 4542 298 4595 supra
321 4524 386 4585 dixi,
412 4529 453 4586 qui
477 4525 574 4575 urbanis
600 4528 673 4578 rebus
696 4530 798 4580 bellicas
824 4530 905 4582 Etiam
934 4536 1034 4585 Wesert.
1054 4532 1157 4583 Emend.
1174 4534 1195 4583 l.
1222 4550 1250 4600 p.
1273 4536 1313 4587 15.
1332 4534 1401 4583 Lam-
1440 4558 1442 4599 ;

222 4600 380 4658 mtepunuat;
403 4593 439 4642 sie
456 4594 563 4659 reperias
579 4596 685 4664 multos,
710 4598 797 4663 quibus
824 4598 875 4650 bini
898 4600 1099 4666 supplementum
1123 4600 1283 4652 verissimum
1311 4599 1391 4651 iuttce
