2888 5512
439 734 561 786 uiuae
578 736 609 786 v.
626 733 676 795 aa,
691 735 734 787 ot.
750 734 799 801 at,
817 735 858 788 oo.
1175 728 1239 795 sto

63 852 198 915 malim
215 852 314 929 malit,
337 872 423 935 quam
437 852 518 915 illum
532 858 709 938 tyranuum?
754 855 881 920 sintae
898 859 1013 922 modum
1029 861 1235 946 actionemque

61 962 247 1045 quatinus,
270 961 392 1025 alteriue
406 983 489 1025 mens
502 964 665 1028 rationibus
679 966 823 1047 agitandis
836 968 1086 1053 exquirendisque
1101 971 1236 1035 alebatur

58 1092 127 1135 eam
152 1070 351 1135 oblectatione
368 1072 534 1157 sollertiae:
564 1075 612 1157 qui
629 1087 674 1137 est
690 1096 764 1138 unus
786 1077 979 1141 suavissimus
997 1090 1098 1163 pastus
1121 1081 1234 1145 aninlo-

60 1202 143 1261 runt3
171 1180 294 1245 alterius
315 1180 344 1244 itt
367 1182 458 1245 caede
474 1193 506 1245 et
527 1184 642 1246 iniuriis
663 1207 726 1247 cum
752 1198 782 1249 ει
806 1188 910 1250 diurno
931 1200 963 1251 et
978 1201 1123 1253 nocturno
1141 1202 1233 1257 tuctu.

57 1290 147 1375 Age,
169 1292 276 1355 noster
292 1288 515 1371 Democritum,
543 1291 759 1377 Pythagoram,
783 1297 1011 1380 Anaxagoram,
1035 1318 1110 1382 quae
1125 1314 1232 1385 ειμι,

59 1422 135 1485 quas
157 1420 230 1485 opos
249 1399 354 1481 studiis
373 1422 474 1465 eorum
491 1413 523 1465 et
544 1403 787 1467 delectationibus
810 1410 994 1491 antepones?
1036 1417 1089 1472 67.
1114 1406 1232 1475 Etenim

60 1530 137 1595 que
155 1528 225 1595 nors
243 1510 352 1596 optima
373 1522 419 1573 est
440 1512 471 1574 in
489 1513 624 1592 bomine,
654 1515 684 1576 in
700 1534 736 1576 ea
752 1516 839 1577 situm
859 1536 927 1580 esse
945 1538 1069 1581 necesse
1085 1529 1132 1582 est
1149 1520 1232 1595 illud,

61 1620 138 1705 quel
154 1618 313 1705 quaeris⁶,
337 1620 488 1705 optimum.
535 1620 612 1704 Quid
631 1634 675 1687 est
694 1634 790 1687 autem
807 1626 837 1687 in
854 1625 970 1690 bomine
987 1628 1086 1712 sagari
1104 1648 1139 1691 ae
1156 1628 1234 1719 bouq

59 1742 160 1793 mente
175 1730 302 1796 meliosi
328 1728 403 1795 llius
418 1732 497 1794 bono
512 1734 664 1795 leuandum
683 1745 729 1797 est
740 1735 839 1818 igitur,
863 1737 888 1798 si
902 1736 980 1800 beati
996 1758 1064 1801 esse
1078 1739 1235 1816 volumus;

58 1840 171 1903 boum
184 1850 285 1905 aulem
299 1842 407 1904 mantio
421 1852 468 1905 est
484 1843 597 1921 virtus3
620 1862 694 1926 ergo
712 1844 767 1907 bae
783 1845 897 1908 beatam
915 1847 1005 1909 vitam
1020 1848 1164 1910 contineri
1181 1868 1233 1911 ue·

58 1960 219 2015 εεεεεεει.
249 1948 471 2029 'llinoomnia,
494 1974 570 2036 qnae
584 1953 723 2035 pulnbra,
747 1953 889 2033 honesta,
912 1956 1065 2041 praeelara
1078 1968 1163 2035 sunt,
1188 1959 1233 2039 (ut

57 2058 252 2145 supradixi,
283 2061 336 2125 εειΙ
357 2061 511 2124 dicendum
529 2062 605 2126 idem
628 2063 697 2125 illud
715 2065 812 2149 paullo
831 2066 951 2129 uberius
969 2067 1120 2148 videtum)
1146 2068 1241 2152 plena„

55 2170 234 2253 gaudium
249 2180 330 2235 suat.
374 2168 424 2233 llx
440 2173 589 2256 perpetuis
605 2184 702 2236 autem
717 2175 869 2259 plenisque
885 2176 999 2259 gaudiis
1015 2198 1101 2260 quum
1120 2180 1232 2262 perspi-

55 2300 149 2343 cuum
159 2278 299 2343 sitvitam
311 2280 425 2345 beatam
440 2281 600 2360 exsistere,
616 2284 759 2365 sequitur,
776 2296 810 2345 ut
823 2305 859 2346 ea
869 2287 996 2348 exsistat
1006 2307 1046 2348 ex
1062 2287 1229 2350 honestate.

144 2384 270 2453 xxiv·
294 2398 351 2455 oe
374 2388 436 2455 Sed
453 2410 492 2453 ae
506 2391 607 2455 verbis
620 2391 715 2453 solum
736 2391 915 2474 attingamus
930 2414 983 2471 ea,
1009 2416 1082 2477 quae
1098 2396 1232 2458 roluruus

55 2499 236 2578 ostendere,
259 2500 447 2585 proponenda
468 2501 610 2584 quaedam
628 2503 711 2585 quasi
731 2502 880 2565 moventia
898 2512 984 2583 sunt,
1008 2524 1083 2587 quae
1099 2524 1156 2567 nos
1170 2524 1231 2567 ma-

55 2608 108 2691 gis
125 2608 162 2672 ad
176 2608 373 2693 cognitionem
391 2610 673 2695 intelligentiamque
688 2623 877 2675 convertant.
924 2610 1067 2676 Sumatur
1083 2613 1161 2677 enim
1178 2636 1232 2677 no·

55 2718 109 2782 bis
131 2718 246 2802 amdan
269 2729 422 2804 praestans
441 2720 488 2784 vir
509 2720 626 2805 optimis
642 2712 771 2807 srdbu,
802 2725 885 2805 isque
903 2723 1001 2786 animo
1021 2742 1177 2808 parumper
1201 2733 1232 2786 nt

131 2874 244 2931 attend
261 2878 354 2931 frustra
370 2879 435 2929 coni.
453 2885 604 2943 anomaeus:
621 2880 690 2948 quod
706 2889 744 2930 est
761 2880 787 2929 in
804 2881 885 2930 Marb.
920 2881 960 2930 Cf.
975 2886 995 2931 ει
1010 2888 1112 2944 quoeris.

110 2984 141 3033 ab
156 2984 249 3032 mins
258 2983 382 3045 Arpinate]
403 2981 490 3032 Cicero
508 2982 573 3032 euim
583 2987 633 3033 Ar·
660 2982 733 3041 bum,
757 2980 825 3048 qnod
842 2982 901 3031 huic
916 2983 1054 3031 sententiae
1071 2983 1148 3047 magis
1167 3002 1230 3032 artri·-

55 3048 130 3115 piaas
147 3058 210 3099 erat.
245 3050 350 3099 ttetdius.
660 3048 758 3108 veniat,
784 3049 819 3096 uti
835 3053 994 3099 delectabatur
1010 3049 1035 3099 in
1054 3049 1129 3099 caele
1147 3060 1172 3098 ot
1190 3051 1230 3099 in-

111 3120 152 3181 qui
165 3130 190 3167 tt
207 3131 256 3167 mn
271 3116 334 3165 bunc
344 3118 536 3168 mathematicum
553 3117 635 3184 molit]
659 3116 734 3165 iuriis.
770 3117 801 3166 V.
820 3116 912 3165 ddunt.
929 3117 953 3165 in
973 3120 1002 3166 ll.
1022 3122 1069 3177 Ἡ,
1087 3116 1128 3169 57.

59 3188 170 3236 omrem.
186 3182 221 3235 ud
238 3182 293 3233 Fin.
313 3183 343 3231 ll.
360 3182 411 3243 ill,
430 3187 485 3235 tor.
502 3202 526 3250 p.
542 3183 599 3237 2¹74.
619 3202 634 3232 ε
710 3182 781 3250 §.ot
805 3188 863 3234 Eius
879 3188 938 3235 bono
954 3188 1080 3247 fruendum
1097 3192 1129 3236 εει
1145 3188 1228 3253 initur]

57 3250 138 3301 tribus
164 3250 215 3300 auis
241 3250 311 3301 MSS.
331 3259 358 3298 et
383 3268 433 3302 uno
451 3255 531 3301 Onon.
551 3252 632 3301 locum
659 3250 769 3300 Observa
789 3251 900 3314 voculam
924 3254 1038 3314 lottario
1062 3253 1149 3320 quinta
1170 3252 1230 3301 sede

56 3316 395 3385 sicputatemeudautlurn:
413 3323 498 3382 quise
515 3334 633 3369 εεεειιοιι
659 3318 780 3385 positam,
806 3320 873 3385 allsted
896 3321 955 3369 iude
973 3323 1067 3369 lactum
1085 3330 1137 3377 eet,
1163 3318 1229 3382 quod

57 3389 120 3437 bttno
134 3389 326 3437 matematicos·
340 3390 416 3437 molit.
450 3390 485 3435 At
498 3386 559 3437 nihil
575 3404 632 3435 mu·
658 3386 732 3435 sorba
750 3390 800 3436 eius
815 3391 874 3436 bono
888 3404 943 3435 rum
958 3388 981 3433 vi
999 3384 1104 3450 (turudum
1119 3384 1229 3431 ell'ereu-

58 3452 173 3503 tandm
193 3450 317 3519 ill-supra
332 3469 354 3501 ε.
367 3453 405 3513 19,
414 3450 461 3505 bl:
481 3457 632 3503 utrummot-
658 3454 689 3502 ‹la
702 3464 766 3501 erant.
788 3454 826 3500 Cf.
839 3452 931 3501 Adnot.
941 3452 965 3500 in
980 3454 998 3500 l.
1021 3450 1057 3507 ll,
1072 3451 1113 3499 3⁴2.
1132 3448 1174 3507 ¹29,
1188 3449 1229 3501 71.

57 3525 94 3570 les
107 3524 145 3581 ιε,
160 3518 182 3568 εἰ
198 3529 309 3587 ρειεειεε
323 3530 399 3579 εεεει,
415 3520 501 3579 semel,
520 3532 547 3570 ut
565 3523 631 3569 Lae
710 3520 768 3568 Gar.
783 3520 883 3567 xxiv.
909 3522 931 3584 §a
946 3518 988 3569 da.
1023 3520 1070 3565 Sed
1092 3532 1120 3565 ns
1142 3518 1228 3581 nabis}

57 3586 133 3647 lium,
149 3590 273 3649 donam,
290 3604 332 3646 ao,
350 3597 377 3635 ut
391 3588 503 3647 Cinnam,
522 3585 631 3654 quater?
658 3588 781 3635 Virtutem
797 3585 828 3633 ad
840 3584 913 3633 beate
926 3582 1057 3631 vivendum
1071 3600 1098 3631 se
1114 3582 1166 3648 ipsa
1177 3600 1230 3631 usse

57 3653 118 3704 Fia.
136 3653 168 3702 V.
182 3654 208 3713 b,
221 3652 265 3707 lile
282 3658 360 3705 Anto
370 3657 494 3717 obuncum
507 3671 531 3705 εε
545 3658 633 3705 uoluit:
659 3663 803 3703 contentam
822 3662 854 3717 tc.
867 3656 907 3700 2¹4.
926 3664 953 3701 ει
967 3652 1025 3707 tn,
1044 3650 1080 3699 siu
1098 3650 1228 3700 conandi-

58 3720 105 3770 ubi
123 3738 147 3769 r.
162 3722 267 3785 nodulo.
279 3718 373 3787 utili.
391 3722 424 3771 ds
442 3732 495 3789 opt.
510 3740 566 3789 gen.
581 3720 631 3770 dic.
658 3732 713 3770 tur:
734 3721 815 3768 Bonus
828 3719 865 3767 vir
880 3718 946 3767 idem
958 3728 996 3765 est
1011 3719 1118 3783 sapiens,
1129 3718 1229 3783 ingenio

58 3790 85 3849 δ·
101 3786 144 3839 l5:
162 3786 343 3867 fflttludllloot
358 3792 447 3839 volum·
475 3790 524 3841 Oll‘.
543 3793 573 3838 ll.
590 3789 632 3846 22,
659 3788 748 3836 eximio
767 3786 874 3835 martiam
901 3796 926 3835 rt
945 3784 1055 3833 velitatie
1074 3784 1229 3851 indagandae

57 3843 109 3907 ’ἴθι
127 3870 282 3923 quirem!
296 3860 425 3921 populares
437 3861 524 3906 volitat.
543 3856 574 3905 de
589 3859 631 3905 Or.
657 3854 742 3903 studio
767 3854 881 3919 agitatus,
924 3855 959 3901 Ex
983 3853 1120 3919 esurientius
1147 3864 1228 3901 autrm

56 3923 90 3973 ll.
106 3920 148 3985 60,
163 3918 229 3975 Ἇδε
247 3923 304 3985 ἰειε,
340 3925 364 3973 ui
381 3938 405 3973 εε
419 3927 469 3974 ortlt
483 3920 589 3974 dioooem
607 3931 632 3970 et
657 3922 740 3971 studio
759 3920 948 3970 humanissimae
966 3921 1107 3987 voluptates
1123 3920 1228 3987 gaudia--

56 3988 202 4041 metammle
217 4000 266 4041 est.
300 3942 339 4043 Gi.
357 3993 462 4054 Hadria.
480 3990 512 4041 ad
530 3992 583 4039 Fin.
601 3991 632 4038 ll.
657 4008 705 4056 qaae
722 3986 894 4053 limpidissima
917 3989 949 4037 ad
972 3988 1112 4054 sapientem
1135 3989 1228 4038 radun--

57 4057 99 4117 31,
117 4058 175 4109 102.
191 4056 219 4121 'p-
233 4056 292 4110 316.
310 4062 389 4111 Hom
404 4058 429 4109 in
447 4075 548 4107 censura
563 4056 631 4106 laud.
659 4059 735 4115 dant3
756 4055 844 4121 quodsi
859 4055 935 4121 igitur
947 4056 1037 4106 talibus
1054 4056 1127 4109 bonis
1144 4057 1227 4113 animi¹

57 4140 84 4190 p.
99 4120 159 4177 615.
177 4122 253 4173 affert
269 4124 303 4175 de
321 4126 403 4177 Divin.
422 4126 453 4185 ll,
469 4124 516 4177 57:
534 4124 632 4191 quiduis
657 4124 674 4174 i.
684 4143 706 4174 e.
725 4123 865 4179 virtutibus,
883 4124 919 4174 uti
934 4124 1035 4175 beatum
1051 4136 1097 4181 est,
1109 4124 1228 4190 sequitur,

54 4194 129 4243 nulle
145 4188 278 4255 ridentur,
296 4210 370 4273 qnam
384 4206 411 4243 ει
427 4208 474 4242 non
491 4196 588 4254 ineptos.
658 4201 685 4240 ut
702 4208 787 4241 omnes
802 4191 926 4258 sapientes
939 4210 991 4242 non
1004 4190 1160 4241 solnmbeuti
1170 4189 1228 4246 sint,

110 4258 245 4325 oniwadt't]
268 4260 328 4311 deal.
346 4268 438 4310 mente.
461 4256 514 4308 'sic
530 4263 633 4321 sonitore
657 4259 701 4309 sed
726 4259 802 4310 etiam
826 4260 979 4321 beatissimi,
1006 4258 1063 4322 qnia
1087 4253 1144 4303 tulis
1163 4254 1229 4301 vitae

55 4334 101 4373 eat
117 4336 216 4384 fletum,
234 4340 289 4375 αιιιι
302 4336 387 4376 mente
400 4325 501 4393 agitare.
537 4327 631 4375 Obser-
657 4326 752 4391 gararliis
766 4324 827 4374 nihil
843 4326 939 4375 beatius
956 4322 1061 4387 cogitari
1076 4329 1167 4386 potest.
1183 4336 1230 4367 uer.

56 4388 173 4442 vandum
190 4398 243 4449 ul,
266 4402 363 4443 merea
378 4396 498 4457 tondendi
520 4393 632 4442 actiones
658 4410 686 4441 ea
706 4391 868 4441 obnoxiaest
886 4394 1012 4441 fortunar.

54 4466 153 4507 notare
169 4454 268 4514 verbio.
293 4474 357 4527 qm
370 4462 480 4512 meandi
503 4459 633 4509 notionem
706 4462 901 4522 quosquunsa'
916 4455 1044 4522 mouentia]
1063 4455 1228 4521 Beweggriiu-

54 4524 163 4583 habeut,
185 4532 212 4573 ut
228 4528 330 4589 ιιιιιιενε,
343 4534 447 4590 mre,
461 4530 567 4578 υειιιαεε
583 4525 633 4575 ali·
657 4525 706 4585 de,
723 4524 899 4576 Triebiedern.

57 4590 120 4657 quid
134 4590 164 4641 in
177 4590 265 4644 auimo
279 4592 319 4645 rel
332 4594 414 4646 εείιεο
430 4593 470 4644 vel
482 4610 576 4644 seeum.
595 4593 632 4643 De
710 4595 744 4643 od
759 4591 922 4656 enundinaret]
941 4589 974 4641 ad
991 4607 1020 4639 ea
1032 4590 1118 4640 melius
1134 4606 1230 4659 cogno-

57 4658 162 4709 Grneois
178 4658 214 4710 εἰ.
229 4660 261 4711 ll.
273 4678 307 4719 ιε,
323 4658 358 4715 4.·
381 4658 462 4717 πολλὰ
481 4660 572 4727 φρεσὶν
585 4655 633 4725 ὁρ-
657 4659 750 4711 scendo
767 4668 792 4708 et
807 4656 977 4723 intelligenda,
995 4676 1058 4726 quiae
1074 4658 1099 4708 in
1112 4658 1230 4725 superin-

96 4726 185 4779 loom.
210 4727 253 4780 Sic
266 4728 407 4799 βάλλεεθαι
424 4726 461 4781 tot
478 4728 553 4797 bauai
567 4725 633 4794 apud
659 4726 726 4779 ribus
743 4725 881 4793 generatim
892 4725 1018 4794 disputata
1035 4736 1101 4777 sont.
1126 4726 1230 4775 Neidius.

82 4810 203 4849 onaerttm.
710 4798 826 4847 Sumatur
841 4822 876 4832 -
891 4799 958 4845 nobis
990 4797 1020 4845 V.
1037 4794 1069 4843 ad
1089 4794 1118 4841 ll.
1142 4794 1169 4853 l,
1188 4792 1212 4841 ⁸2.

106 4864 134 4911 lit
149 4863 232 4927 unde]
257 4864 295 4913 Ex
311 4860 474 4915 antecedenti
490 4861 567 4913 verbo
585 4866 634 4912 ole-
708 4862 849 4929 paramur]
874 4862 937 4923 „wie
954 4797 998 4911 dau
1016 4862 1153 4935 Franmuu
1168 4870 1230 4932 peu}

56 4932 130 4977 bobas
143 4944 190 4993 per
204 4928 317 4997 liguum,
334 4946 400 4997 quae
414 4931 582 4995 grammaticis
592 4928 634 4978 di·
659 4928 701 4980 die
716 4928 782 4980 milii·
792 4944 923 4993 pommper
942 4927 1068 4993 leinmall,
1086 4924 1229 4975 dites-mm

55 4993 126 5046 citur
140 4997 420 5105 maleficiendum
436 5004 476 5047 εει
492 4996 559 5049 uliud
576 5014 634 5047 rer·
660 5014 692 5049 uu
710 5002 785 5066 μεθ’
822 4998 889 5056 Wolf.
924 4999 1057 5054 Porumper
1074 5000 1112 5040 εει
1125 4992 1171 5048 ord
1181 4989 1231 5037 ciue
