2888 5512
484 698 527 746 ΑΙ)
545 696 757 747 tunonenuar
776 698 966 747 Dlssttntunt.
1264 688 1302 745 lX

122 878 132 895 ν
241 836 387 925 Verum
413 858 455 907 ne
471 836 533 907 libi
549 835 668 909 mirum
689 837 858 921 videatur,
885 837 961 930 quid
981 839 1043 927 sit,
1070 840 1176 931 quod,
1203 862 1302 931 quum

130 972 320 1049 neilianae
335 972 492 1044 editionis
509 973 705 1068 repetendae
719 973 889 1069 provincia
902 973 982 1046 milri
996 982 1084 1046 esset
1097 975 1302 1063 demandata,

129 1110 270 1185 nullum
287 1108 359 1183 fere
379 1132 440 1205 ego
461 1108 532 1181 eius
551 1110 726 1204 vestigium
745 1110 933 1202 reliquerim
949 1116 1119 1202 totumque
1135 1110 1301 1206 interpre-

135 1245 235 1320 tandi
254 1269 359 1343 genus
383 1244 597 1336 mutaverim,
630 1269 762 1317 caussas
782 1245 862 1317 milri
880 1246 1001 1318 addere
1021 1245 1150 1337 licebit,
1184 1248 1301 1340 quibus

92 1346 96 1435 i
128 1382 305 1479 ¹impulsus
331 1382 498 1455 diversam
522 1382 609 1454 riam
634 1382 883 1478 ingrediendam
909 1382 1067 1454 duxerim.

145 1542 151 1553 ·
245 1518 380 1592 Scilicet
402 1542 532 1590 omnem
547 1517 683 1590 Neidius
704 1542 815 1591 curam
839 1520 875 1591 in
898 1541 936 1591 co
961 1519 1148 1615 ponendam
1165 1520 1228 1591 siti
1244 1544 1301 1591 er-

92 1672 94 1677 ·
136 1656 321 1744 istimarit,
351 1662 389 1728 ut
407 1655 549 1745 „scriem
570 1654 791 1727 continuatam
809 1656 968 1728 orationis
985 1680 1044 1750 per
1065 1657 1213 1751 singulas
1232 1656 1301 1729 dis-

135 1790 322 1889 putationis
348 1798 459 1887 partes
484 1790 702 1885 investigaret
727 1814 911 1883 nexumque
936 1792 1173 1895 sententiarum
1197 1792 1302 1867 cerinis

140 1928 281 2001 sectioni
298 1933 536 2023 praeponeret,
563 1926 806 2021 digressiones,
831 1927 873 1998 ad
894 1950 975 2019 quas
992 1926 1209 2022 philosophus
1228 1927 1302 2000 hinc

140 2064 219 2135 inde
238 2064 343 2159 alripi
363 2088 398 2135 se
414 2088 534 2158 passus
553 2070 652 2154 esset,
679 2064 854 2158 diligenter
863 2063 1066 2153 observaret,
1092 2063 1190 2137 itaut
1207 2065 1301 2137 iure-

137 2200 196 2273 nis
215 2200 319 2272 lector
337 2206 435 2291 atque
452 2198 598 2270 nondum
616 2200 698 2272 satis
718 2200 913 2271 exercitatus
937 2200 1029 2272 filum
1059 2200 1300 2294 disquisitionis

138 2359 309 2429 nunquam
328 2336 570 2425 arnitlerel.“*)
623 2335 732 2429 Atque
751 2336 811 2407 hoc
838 2336 970 2428 quidem
985 2337 1225 2431 interpretandi
1243 2362 1301 2433 gc-

137 2498 225 2563 nus,
249 2473 284 2543 in
305 2471 507 2543 enucleando
526 2472 787 2565 illustrandoque
806 2471 1044 2543 sententiarum
1063 2496 1149 2543 nero
1164 2497 1301 2568 occupa-

140 2618 236 2700 tum,
266 2615 395 2681 tantum
412 2610 521 2697 abest,
553 2615 591 2679 ιιι
608 2608 841 2703 negligendum
866 2608 1034 2695 videatur,
1072 2607 1169 2681 eliam
1195 2610 1300 2682 omnis

139 2744 427 2840 interpretationis
452 2743 620 2838 fastigium
643 2744 679 2816 in
703 2768 742 2816 co
767 2744 922 2817 cernitur.
976 2744 1044 2818 Sed
1069 2769 1168 2838 quum
1194 2746 1302 2820 Neidii

138 2880 417 2971 commentarius,
444 2881 500 2973 qui
514 2880 645 2971 dicitur,
668 2879 739 2953 lere
754 2881 861 2953 omnis
877 2882 911 2953 in
928 2883 1151 2978 proponendis
1164 2883 1300 2957 univer-

139 3020 189 3091 sis
215 3018 421 3113 argumentis
447 3017 689 3108 contineretur,
721 3019 829 3090 rarius
852 3019 1045 3091 interiorem
1064 3021 1300 3091 sententiarum

140 3178 264 3227 nerum
286 3154 464 3249 attingeret
484 3153 768 3247 difficiliorumque
787 3155 934 3227 locorum
952 3156 1148 3229 sententiam
1167 3156 1300 3249 expedi-

140 3298 212 3381 rct,
239 3290 398 3385 neglectis
413 3297 446 3362 et
459 3291 702 3385 praetermissis
721 3293 890 3382 omnibus,
917 3316 998 3384 quae
1015 3293 1057 3363 ad
1073 3290 1300 3385 grammaticae

140 3429 307 3501 rationem
326 3426 554 3519 sermonisque
564 3426 677 3499 Latini
693 3429 929 3523 proprietatem
945 3431 1148 3520 spectarent:
1176 3430 1243 3496 tota
1257 3425 1299 3496 il-

146 3564 214 3635 lius
229 3565 354 3635 ratione
373 3563 502 3635 deserta
522 3564 617 3658 plane
636 3588 672 3635 ae
690 3563 863 3651 derelicta,
890 3586 960 3663 earn
977 3561 1223 3657 ingrediendam
1239 3588 1300 3658 pu-

142 3701 217 3773 tari
240 3700 344 3789 riam,
379 3722 461 3791 quae
485 3706 518 3770 et
542 3701 584 3771 ad
606 3700 839 3772 accuratiorem
867 3699 1026 3771 librorum
1052 3700 1301 3795 intelligentiam

139 3837 221 3933 plus
239 3836 397 3908 collatura
415 3842 448 3907 et
464 3836 648 3908 iuuentutis
665 3836 849 3909 rationibus
868 3836 971 3931 magis
995 3838 1185 3909 consultura
1206 3837 1300 3910 uide-

140 3980 250 4047 retur.
302 3973 344 4044 Id
361 3973 448 4045 eninr
462 3973 600 4045 maxime
616 3979 748 4045 secutus
767 3996 840 4045 sum
857 3972 1047 4064 consilium,
1074 3979 1110 4045 ut
1124 3973 1300 4045 editionem

139 4134 312 4207 pararem,
349 4134 411 4201 qua
429 4109 652 4205 praeceptori,
686 4109 889 4182 Tusculanas
915 4109 1083 4205 discipulis
1105 4110 1175 4181 suis
1196 4109 1300 4204 expli-

142 4246 249 4337 canti,
281 4270 350 4318 non
369 4246 478 4317 solum
496 4246 695 4318 accuratiore
715 4270 772 4319 eos
796 4246 914 4318 horum
931 4246 1090 4318 librorum
1111 4246 1301 4338 intelligen-

142 4382 188 4455 tia
215 4382 383 4453 imbuendi
409 4388 443 4453 et
470 4381 677 4455 (liceroniani
708 4382 870 4455 sermonis
895 4382 1129 4455 consuetudine
1154 4381 1299 4475 fingendi

141 4526 174 4591 ct
196 4518 302 4591 Tullii
318 4516 573 4614 philosophandi
593 4519 719 4593 ratione
735 4518 888 4591 initiandi
908 4519 998 4614 copia
1017 4525 1207 4613 pararetur,
1242 4519 1301 4590 sed

141 4656 244 4728 etiam
270 4654 434 4727 iuveniles
461 4663 587 4729 mentes
613 4657 748 4730 acuendi
774 4655 1063 4746 subtilioribusque
1087 4654 1300 4729 instituendis

211 4964 235 5019 ‘l
252 4962 315 5011 Sunt
332 4961 408 5027 ipsius
425 4960 507 5010 Neidii
525 4962 598 5011 verba
616 4962 640 5011 in
659 4962 764 5013 Praetor.
787 4980 809 5028 p.
829 4964 870 5011 Vl.
889 4979 923 5027 sq.
