2888 5512
234 295 276 359 ¹20
694 301 953 351 enouaconanr.

237 449 358 511 perere,
381 427 412 485 h.
433 446 457 484 e.
478 425 558 484 ratio
576 423 769 482 temeritatem
787 442 924 481 coercere
940 422 1036 481 debet.
1080 423 1152 482 Tres
1170 423 1282 501 gradus
1297 425 1413 505 imperii

237 531 363 593 rationis
379 530 411 587 in
432 527 639 598 temeritatem,
662 524 709 582 vel
725 535 761 582 ut
778 524 890 582 domini
911 525 943 580 in
962 544 1079 597 servos,
1107 524 1153 582 vel
1173 535 1208 583 ut
1223 525 1414 603 imperatoris

237 636 270 692 in
291 633 428 704 militem,
450 628 497 686 vel
520 637 556 685 ut
578 626 709 704 parentis
732 625 764 683 in
787 625 890 683 filium.
924 646 950 683 c.
968 631 1019 684 21.
1039 631 1090 684 22.
1111 622 1143 704 5.
1157 630 1208 685 bl.

323 731 356 811 β)
378 734 518 810 Propone
535 729 635 785 animo
651 727 762 805 species
780 726 919 787 honestas
940 726 1091 800 virorum,
1121 727 1174 802 qui
1192 728 1318 789 fortiter
1335 733 1413 792 tule-

238 846 313 897 runt
333 835 462 893 dolores.
497 852 522 889 c.
538 837 589 889 22.
611 826 642 907 5
655 835 706 887 52.
725 835 776 888 55.

320 932 351 1016 y)
373 934 493 1012 Cogita,
521 932 596 1008 quid
614 930 794 988 fortitudine
816 939 846 988 et
870 929 958 987 animi
982 930 1188 1008 magnitudine
1208 931 1412 1011 dignissimum

238 1040 287 1098 sit.
331 1038 453 1094 Animus
472 1034 642 1092 intentione
660 1052 713 1089 sua
732 1031 854 1109 depellit
871 1051 1005 1107 pressum
1023 1052 1138 1089 omnem
1155 1033 1342 1112 ponderum,
1363 1058 1412 1097 re-

239 1141 376 1199 missione
391 1146 489 1195 autem
506 1135 549 1192 sic
564 1142 707 1211 urgetur,
729 1142 765 1190 ut
780 1152 811 1190 se
827 1142 954 1209 nequeat
976 1133 1129 1192 extollere.
1172 1132 1352 1196 Adhibenda
1370 1150 1413 1198 est

238 1243 331 1319 igitur
347 1239 438 1296 animi
455 1236 624 1307 contentio,
647 1235 732 1291 cuius
749 1244 785 1291 ut
802 1234 834 1291 in
853 1254 995 1312 corpore,
1018 1235 1108 1293 sicin
1127 1234 1228 1321 animo
1245 1257 1351 1318 magna
1367 1241 1412 1321 yis

235 1342 284 1401 55
318 1362 343 1398 c.
359 1346 409 1398 sa.
432 1336 462 1417 5.
480 1344 531 1397 aa.
554 1324 632 1395 exn.
654 1356 680 1395 c.
699 1342 750 1396 ea.
773 1334 804 1414 5.
822 1339 873 1394 aa.
1055 1400 1057 1405 Α

321 1440 352 1519 ὁ)
375 1441 493 1519 Cogita,
526 1458 615 1515 quam
636 1438 733 1515 turpia
751 1437 790 1495 sit
810 1436 880 1495 viro
895 1437 1021 1514 gemitus
1046 1437 1257 1497 elementabilis
1280 1449 1312 1498 et
1327 1441 1414 1503 [letus

235 1542 401 1616 muliebris:
424 1564 450 1599 c.
462 1546 514 1600 23.
535 1537 566 1617 5.
578 1546 629 1597 55.
646 1544 696 1597 56.
718 1560 744 1597 5.
757 1545 807 1597 at.
830 1536 861 1615 5.
874 1545 924 1597 57.
948 1549 1068 1612 corrtra,
1090 1559 1179 1616 quarn
1193 1539 1353 1600 honestum
1365 1545 1413 1620 sit,

235 1647 369 1704 dolorem
383 1640 499 1720 placide
513 1649 602 1715 atque
617 1639 716 1696 sedate
731 1640 819 1697 serre.
842 1659 868 1697 c.
885 1643 936 1699 at.
957 1636 989 1718 5.
1003 1644 1053 1699 58.
1069 1645 1120 1699 59.
1164 1640 1229 1700 Hoc
1245 1641 1341 1720 igitur
1356 1646 1410 1705 tibi

235 1763 386 1824 propone:
408 1740 633 1817 sinplitudinnn
648 1740 748 1814 animi,
771 1759 846 1816 quae
859 1741 985 1798 maxime
999 1741 1107 1800 eminet
1118 1746 1344 1805 contemnendis
1354 1746 1412 1807 do·

235 1846 363 1915 loribus,
390 1861 479 1900 urrani
494 1860 555 1898 esse
570 1840 701 1898 omnium
717 1860 778 1897 rem
794 1841 1034 1918 pulcherrimam.
1057 1864 1083 1901 c.
1097 1849 1150 1902 25.
1165 1848 1217 1904 26·
1260 1844 1411 1907 1155555-

235 1957 292 2006 tem
308 1944 453 2024 patientia
468 1942 607 2000 dolorum
625 1942 752 2000 inomni
766 1962 872 2019 genere
885 1944 1066 2020 aequabilem
1081 1965 1112 2003 se
1125 1946 1282 2022 praebeat,
1304 1948 1326 2006 i.
1339 1969 1364 2009 e.
1377 1970 1412 2009 ne

233 2049 297 2107 aliis
313 2047 344 2105 in
358 2045 513 2104 doloribus
530 2043 650 2116 sortior,
672 2043 703 2100 in
718 2044 784 2101 aliis
797 2045 893 2102 minus
906 2045 993 2103 sortis
1008 2045 1058 2103 sis.
1103 2048 1184 2121 Nam,
1203 2048 1317 2124 quoda
1330 2062 1411 2111 certa

233 2151 350 2208 ratione
368 2146 584 2225 proficiscitur,
612 2146 643 2203 in
665 2146 745 2203 omni
765 2165 870 2224 genere
891 2146 1042 2223 aequabile
1058 2168 1119 2206 esse
1133 2148 1235 2226 debet,
1262 2150 1306 2209 ita
1320 2153 1409 2212 lorti-

234 2252 328 2325 tudo,
350 2271 367 2306 a
385 2257 467 2306 certa
485 2246 602 2305 ratione
622 2247 771 2324 prosecta,
793 2248 824 2306 in
842 2248 921 2306 omni
937 2268 1043 2326 genere
1062 2249 1203 2309 dolorum
1216 2252 1339 2312 eandem
1354 2254 1408 2314 hs·

233 2353 303 2411 bere
325 2351 413 2409 debet
435 2348 504 2405 vini.
526 2353 619 2407 c.2'1.
639 2345 672 2424 5.
690 2354 741 2407 65.
976 2410 980 2417 ,

320 2450 370 2508 ΙΙΙ.
413 2451 580 2506 Concurrere
591 2468 697 2505 rorum
710 2468 942 2509 arsrornrronrs.
986 2452 1070 2523 Quae
1085 2472 1176 2527 quum
1189 2453 1319 2529 insint,
1340 2459 1404 2517 exi·

233 2552 352 2612 atiniare
369 2549 522 2623 debemus,
545 2549 696 2623 dolorem,
724 2551 838 2609 etianni
857 2552 966 2610 malum
985 2553 1039 2627 sit,
1062 2554 1210 2612 tantulmn
1224 2565 1323 2617 tamen
1341 2580 1406 2633 esse,

235 2663 270 2712 nt
287 2675 303 2710 a
322 2653 437 2711 virtute
457 2652 498 2708 its
517 2652 684 2723 obruatur,
715 2662 749 2710 ut
767 2672 913 2728 nusquam
933 2664 1093 2732 appareat,
1121 2658 1298 2732 praesertim
1317 2682 1404 2739 quum

236 2763 373 2831 paratum
386 2753 426 2809 sit
441 2752 515 2809 illud
531 2773 566 2809 ea·
582 2751 718 2810 hesterna
731 2752 934 2830 disputatione
949 2756 985 2815 dc
998 2757 1213 2817 contemnenda
1226 2771 1324 2821 morte
1335 2783 1401 2841 per·
1437 2838 1441 2843 Ι

237 2854 359 2931 lugiunt.
382 2875 407 2910 r.
425 2859 475 2913 22.
497 2850 527 2931 5.
545 2857 596 2912 66.
616 2857 668 2912 67.

719 3128 920 3138 η--ι-

324 3321 786 3395 'tuscnunttnnntt
826 3324 1307 3404 .ntsrtt't‘nT10N11M

701 3476 788 3525 mam
808 3478 931 3538 ream,
1010 3546 1020 3556 .

523 3587 574 3638 Qut
589 3588 648 3632 EST
662 3589 702 3632 BE
716 3588 871 3634 centenos
885 3591 1106 3649 nuuttl't'ttuln'n,

664 3699 970 3760 CONSPECTUS.

308 3864 330 3922 l.
352 3864 534 3920 Panormus:
547 3874 685 3922 versatur
698 3866 729 3924 in
743 3856 882 3928 laudibus
893 3870 1118 3951 philosophiae:
1141 3894 1216 3952 quae
1228 3895 1322 3954 quum
1333 3896 1390 3937 me

222 3966 322 4024 (licina
338 3964 426 4023 animi
444 3964 499 4037 sit,
528 3984 620 4041 eaque
635 3966 665 4023 in
682 3978 828 4044 potestate
843 3982 947 4031 nostra
969 3975 1040 4049 sita3
1067 3975 1392 4038 dolendumessedica't
1431 3964 1437 3973 ¹

220 4065 338 4139 Cicero,
372 4065 534 4125 medicinae
555 4067 692 4143 corporis
717 4070 842 4129 multum
871 4083 901 4131 et
924 4073 1049 4135 honoris
1073 4076 1178 4136 haberi
1199 4089 1229 4138 et
1252 4081 1392 4160 temporis

220 4164 327 4237 tribui,
349 4168 428 4224 illam
444 4177 541 4225 autern
554 4166 644 4223 animi
659 4169 832 4228 medicinam
848 4178 996 4234 contemni
1012 4188 1041 4236 et
1057 4180 1173 4258 negligi.
1216 4202 1243 4238 c.
1264 4188 1293 4241 l.
1314 4179 1347 4260 5.
1364 4189 1391 4243 1.

217 4265 341 4322 Caussae
359 4268 533 4325 morborum
547 4267 637 4325 animi
652 4269 784 4329 breviter
798 4272 1043 4337 dinumerantur:
1067 4300 1209 4357 perversa
1223 4281 1390 4343 iuventutis

214 4364 351 4424 educatio
368 4376 398 4425 et
414 4367 579 4442 institutio,
602 4368 691 4427 lectio
706 4382 877 4449 puetarum,
898 4378 993 4455 gloria
1008 4380 1125 4438 etfama
1139 4383 1314 4462 popularis,
1335 4404 1389 4463 pe·

211 4468 316 4526 cuniae
332 4468 494 4546 cupiditas,
517 4469 708 4546 voluptatum
722 4472 825 4533 libido.
846 4474 877 4553 5.
890 4483 920 4535 2.
934 4500 960 4537 c.
972 4486 1000 4539 2.
1022 4478 1054 4558 5.
1067 4486 1097 4540 5.
1112 4485 1141 4542 4.
1185 4484 1286 4544 Morbi
1300 4486 1389 4546 snitui

134 4620 148 4663 t
207 4580 238 4628 et
251 4570 481 4649 perniciosiores
498 4579 528 4628 et
541 4569 645 4649 plures
662 4583 747 4649 eunt,
777 4595 865 4653 quarn
879 4581 1027 4659 corporis.
1075 4583 1200 4644 lllorum
1217 4585 1315 4664 igitur
1331 4606 1386 4648 cu·
1436 4640 1439 4649 .
