2946 5550
501 335 539 382 nr
552 334 623 382 unu
644 336 684 382 rr.
703 334 752 397 31,
771 332 811 385 ur.
1177 324 1240 389 379

62 450 161 515 loves.
205 449 247 513 Et
264 471 350 533 quum
370 451 502 513 inridere
521 451 712 533 aegritudinis
734 454 788 531 sit3
819 453 903 515 uirilis
920 466 1017 517 autem
1037 456 1141 520 alienis
1157 460 1239 520 rolu-

60 572 170 645 ptatem
185 580 291 642 capere
305 560 451 623 laetitiae:
475 571 629 644 utrumque
643 562 824 625 immanitate
838 574 867 624 ct
882 564 1022 626 feritate⁶
1036 567 1156 648 quadam
1174 589 1241 651 pro-

59 671 197 755 ponenda
215 670 354 752 castigari
370 670 458 733 solet.
504 670 603 754 Atqrre
621 682 652 733 ut
669 672 838 735 renidere¹
863 674 965 751 dccet,
991 675 1094 738 timere
1112 698 1171 738 non
1190 678 1239 739 de·

60 791 127 859 sets
156 780 200 843 sic
215 779 345 864 gaudere
367 780 469 858 decet,
501 781 604 843 laetari
624 803 682 843 noir
701 783 804 859 dccet,
835 784 971 866 quostiam
991 785 1114 848 docendi
1134 808 1239 849 caussa

59 890 203 973 agaudio
220 890 359 952 laetitiam
380 888 598 973 distinguimus.
645 900 697 954 67.
724 889 797 955 tttut
818 892 875 954 iam
893 915 981 976 supra
1000 895 1143 969 diximus,
1169 918 1239 956 ron-

61 999 237 1062 truetiunem
253 999 341 1060 animi
356 1010 437 1061 reete
453 1001 515 1061 lieri
531 1021 677 1082 nunquam
693 1022 797 1083 posse,
823 1003 980 1065 elationum
996 1022 1095 1086 posse.
1142 1005 1240 1067 Aliter

60 1108 140 1171 enim
162 1107 338 1171 Naevianus
360 1109 409 1171 ille
432 1111 540 1190 gerurlet
564 1108 694 1172 llectnr:

147 1223 254 1279 Laetus
274 1240 335 1279 sum
358 1220 474 1279 laudini
492 1242 535 1279 me
556 1222 608 1280 obs
631 1232 674 1291 te,
695 1227 802 1300 priter,
827 1226 868 1282 αι
896 1226 1011 1283 laudati
1033 1228 1114 1295 edum·

60 1464 84 1514 n
107 1390 479 1514 96²1(l)ntssox.etierucituts:
506 1395 572 1445 unde
588 1395 631 1445 Kl.
648 1396 674 1446 in
689 1396 754 1447 Add.
771 1415 796 1464 p.
809 1394 865 1449 178.
884 1398 949 1447 coni.
965 1405 985 1447 et
1002 1400 1125 1460 ecferitate.
1160 1400 1191 1451 V.
1206 1398 1239 1447 ad

87 1500 95 1514 ⁹
135 1500 143 1524 ‚
193 1497 201 1510 ·
876 1482 881 1495 .

60 1578 180 1645 adiungit
190 1578 292 1631 similem
301 1578 385 1629 locum
394 1596 424 1629 ex
433 1596 470 1631 or,
480 1579 505 1630 in
515 1582 545 1631 1..
553 1581 636 1632 Pison.
662 1580 736 1645 dum,
755 1599 829 1649 qnam
844 1580 870 1631 iu
886 1581 959 1631 rebus
975 1581 1101 1644 adversis,
1119 1582 1237 1632 dixisset-

60 1646 114 1707 'l-i,
133 1646 181 1699 57:
211 1648 275 1697 Nam
301 1658 327 1696 ut
352 1647 461 1697 levitatis
483 1659 521 1698 cst
538 1650 636 1699 inanem
663 1667 725 1717 que,
752 1650 778 1700 in
795 1649 854 1715 ipsis
872 1649 944 1700 bouis
963 1650 1091 1717 potiundis
1108 1651 1235 1701 exsultan-

61 1714 182 1779 aueupsri
195 1731 318 1764 rumorem
334 1725 360 1764 et
377 1730 462 1764 ornnes
479 1717 577 1766 umbras
595 1726 637 1766 et·
662 1728 713 1767 tem
737 1716 860 1767 laetitiam
878 1727 977 1783 turpem
995 1735 1048 1767 esse
1066 1734 1112 1776 -3
1139 1728 1192 1766 turn
1211 1727 1238 1766 ut

61 1783 114 1833 ism
130 1782 208 1833 ialsse
222 1782 316 1848 gloriae
331 1782 484 1841 consectari;
502 1784 538 1834 sic
548 1794 585 1835 est
597 1784 638 1834 le·
662 1784 756 1850 parreia,
774 1784 842 1851 quod
860 1785 962 1835 allicere
972 1785 1083 1851 pluribus
1100 1786 1236 1839 studuerat.

61 1850 101 1901 vis
118 1849 195 1899 animi
215 1850 295 1899 lucem
310 1850 519 1916 splendoremque
534 1852 637 1918 sapien·
662 1863 803 1917 repeteret,
823 1870 879 1901 usus
895 1861 934 1901 est
948 1852 987 1901 his
1002 1852 1100 1901 verbis:
1127 1859 1195 1914 utque
1212 1858 1238 1900 ut

61 1916 105 1975 tis,
122 1916 214 1967 iustam
229 1916 342 1983 gloriam,
354 1916 395 1983 qui
409 1928 446 1966 est
458 1918 553 1968 irerctus
564 1934 637 1968 verae
662 1922 777 1980 confidere
794 1922 865 1979 decet,
883 1923 962 1968 timere
978 1935 1026 1969 non
1043 1923 1114 1981 decet,
1131 1923 1165 1969 sic
1177 1934 1239 1981 pau·

63 1984 166 2035 virtutis
183 1984 387 2045 honestissimus,
405 1984 545 2050 rupudiare.
664 1987 718 2034 dsrs
727 1988 800 2046 decet,
816 1989 900 2034 laetari
915 2002 962 2035 non
972 1988 1042 2035 decet.
1069 1988 1138 2046 Quae
1152 1986 1237 2043 verba.

113 2054 280 2116 proponenda]
298 2053 361 2103 ll.e.
377 2052 410 2101 ol>
424 2051 640 2118 oculosponenda
665 2067 740 2118 qrrnm
758 2068 798 2101 res
824 2051 942 2100 aduersae
966 2062 1022 2101 toto
1047 2052 1097 2102 lroc
1120 2052 1178 2101 luco
1196 2066 1238 2099 se-

63 2118 222 2169 immanitute
239 2128 265 2167 et
283 2118 392 2179 feritate,
411 2136 475 2185 quae
490 2120 554 2169 etin
572 2136 638 2180 erim,
665 2118 752 2168 mandis
769 2128 943 2184 opponantur,
968 2119 1018 2167 hoc
1036 2118 1136 2168 dicunt:
1163 2130 1239 2167 reterre

65 2186 108 2253 qui
123 2185 245 2245 invideat,
261 2196 287 2235 et
300 2186 326 2237 in
342 2204 406 2247 earm,
422 2186 640 2253 quimalisalienis
664 2196 692 2235 ut
708 2186 734 2235 in
752 2186 825 2235 rebus
850 2185 960 2235 adversis
984 2186 1008 2235 in
1033 2202 1064 2235 eo
1088 2196 1125 2235 est
1151 2138 1239 2235 modus

63 2252 224 2319 voluptatem
241 2253 338 2319 capiat,
358 2252 438 2303 cadat.
665 2251 817 2313 serrandus,
836 2262 878 2313 ut,
896 2269 970 2331 quum
988 2252 1094 2302 maxima
1111 2252 1143 2302 sit
1162 2253 1238 2302 timo-

117 2322 243 2385 confidere]
262 2325 355 2370 Omnes
369 2322 441 2370 MSS.
458 2320 584 2371 mordicus
598 2331 639 2371 te-
665 2321 699 2370 ris
716 2337 815 2379 caussa,
833 2337 888 2369 eam
906 2330 941 2369 sta
959 2330 1042 2371 tumen
1059 2331 1191 2386 temperes,
1211 2329 1239 2369 ut

63 2388 264 2449 nenteoniiders.
290 2389 322 2437 Et
339 2387 376 2437 sic
392 2387 417 2437 in
435 2387 492 2436 edd.
504 2398 575 2447 vett..
593 2406 642 2438 ne-
667 2386 778 2437 confidas
795 2397 885 2436 necte
902 2386 986 2437 tradas
1003 2386 1179 2445 sollicitudini,
1202 2386 1239 2437 sic

65 2470 117 2523 que
141 2452 216 2505 aliter
237 2454 303 2522 apud
320 2454 431 2505 Nonium
456 2454 481 2503 in
505 2473 529 2505 r.
548 2458 641 2518 laetari,
665 2453 691 2502 in
710 2454 782 2503 rebus
805 2453 919 2502 secundis
940 2472 971 2504 eo
989 2454 1146 2505 occasionem
1164 2453 1239 2503 laeti-

64 2520 167 2589 legitur.
203 2522 336 2601 oppositio
353 2522 418 2572 inter
435 2524 599 2585 confidendum
616 2532 641 2573 et
665 2520 716 2569 tiae
740 2518 921 2586 moderabere,
949 2531 977 2570 ut
1016 2520 1107 2571 audeas
1130 2520 1240 2587 quidem,

63 2591 210 2651 ammarum,
236 2589 396 2641 strationem
413 2588 504 2639 habeas
522 2590 574 2639 eius
592 2608 642 2657 op-
666 2586 711 2637 sed
725 2598 752 2636 te
767 2586 876 2638 laetitiae
891 2539 1047 2639 nontradss.
1075 2589 1138 2638 Nam
1151 2604 1240 2667 qnem-

63 2656 205 2725 positionis,
220 2674 284 2724 quae
300 2668 337 2707 est
351 2658 417 2707 inter
432 2658 506 2707 verba
520 2658 642 2721 gaudendi
666 2654 802 2705 admodum
818 2654 843 2704 in
862 2654 934 2704 relius
955 2655 1066 2706 adramis
1085 2654 1188 2706 conlissti
1201 2664 1241 2705 est

65 2736 94 2774 et
110 2726 231 2786 laetandi,
257 2726 374 2775 vacillare
398 2725 471 2791 piane
496 2725 596 2775 videtur
612 2743 642 2776 ac
665 2722 831 2789 temperantia
849 2733 924 2791 atque
946 2723 1100 2773 continentia
1118 2741 1132 2773 a
1148 2722 1240 2773 timore

64 2791 185 2843 stentare.
226 2792 292 2841 llinc
315 2796 445 2843 Lambinus
469 2792 642 2859 suspicabatur
666 2808 697 2840 sc
711 2790 895 2851 sollieitudine,
927 2791 962 2841 ita
985 2792 1011 2842 in
1035 2792 1108 2842 rebus
1124 2789 1240 2841 secundis

64 2860 191 2922 dimdm
208 2876 256 2909 nee
271 2860 485 2915 verolraeeratio.
521 2876 576 2910 rrum
592 2861 642 2909 mi·
666 2858 782 2923 gaudium
800 2870 837 2909 est
854 2860 982 2910 revocatio
1006 2858 1037 2910 ab
1063 2858 1196 2909 exsultanti
1213 2866 1240 2907 et

64 2925 135 2977 riiice
148 2927 496 2995 amplexatusestlientleius,
534 2944 565 2977 nc
573 2938 641 2978 certe
667 2927 784 2991 gestienti
801 2926 905 2977 laetitia.
932 2927 959 2977 ld
975 2928 1047 2977 nobis
1057 2928 1144 2976 Cicero
1160 2924 1239 2974 voluit

65 2994 137 3053 loco,
160 2995 185 3043 iu
204 3012 254 3060 qim
273 2995 360 3045 Cicero
377 2994 520 3045 stoicorum
537 2995 641 3061 vestigia
667 3003 725 3042 ante
743 2994 829 3043 oculos
846 3011 954 3061 ponere;
983 3010 1059 3059 quare
1083 3009 1133 3041 non
1156 2990 1239 3057 potuit

64 3061 156 3129 premit
171 3078 219 3111 nec
234 3062 334 3127 uulgare
349 3062 447 3113 dicendi
462 3078 539 3128 genus
555 3062 640 3129 sequi-
666 3076 748 3111 cocere
764 3058 881 3119 renim,
899 3060 966 3125 quod
982 3076 1056 3125 quum
1075 3056 1197 3107 coertionis
1212 3064 1239 3105 et

64 3142 122 3187 tur,
149 3129 212 3177 bene
229 3128 361 3193 procedit3
387 3129 464 3179 Stoici
485 3130 551 3179 enim
569 3130 641 3180 ‹titti-
666 3126 841 3194 providentiae
856 3127 986 3176 notionem
1003 3125 1105 3187 inierat,
1123 3122 1177 3173 h.t.
1195 3130 1240 3172 to-

62 3196 177 3247 dentium
192 3196 217 3243 in
231 3196 297 3243 uitiis
306 3194 439 3245 ducebant.
461 3198 550 3263 Neque
559 3197 642 3247 omni-
666 3193 739 3244 lerari
757 3211 807 3242 non
827 3203 919 3309 potest.
954 3196 990 3242 So
1002 3193 1048 3242 wie
1063 3208 1120 3241 man
1139 3188 1239 3241 endliclr

62 3280 99 3315 no
116 3264 227 3323 diffidere
242 3260 365 3325 siguificat
386 3278 432 3311 non
447 3266 530 3312 temere
545 3269 642 3329 timere;
668 3262 711 3327 (im
727 3260 827 3326 Ungliie
845 3261 868 3323 el
889 3259 960 3309 lilerth
977 3260 1059 3309 lasseu
1075 3274 1150 3317 musa,
1168 3257 1239 3307 nicht

61 3347 145 3399 quare
161 3325 264 3375 minime
278 3326 415 3392 respondet
431 3330 543 3393 sequenti
552 3335 641 3395 punde-
667 3329 726 3378 aber
741 3344 876 3394 verzagens
893 3344 922 3375 an
937 3344 1003 3376 muss
1018 3344 1074 3376 man
1092 3326 1146 3377 sich
1164 3326 1238 3391 tbeim

61 3414 97 3450 ss.
127 3398 169 3446 Or.
187 3410 209 3443 c.
220 3394 280 3443 Dav.
291 3394 391 3460 scripsit
405 3408 494 3445 ouum.
521 3398 642 3457 Nummi
668 3397 780 3445 Genrrsse
805 3395 851 3444 der
877 3395 971 3455 Giiterl
1005 3394 1052 3444 mit
1077 3392 1239 3443 Gleiclrmnth

63 3481 141 3532 snpra
160 3480 182 3512 c
198 3462 222 3522 ti,
244 3463 281 3514 13.
301 3462 422 3521 uidimus,
446 3461 525 3513 Stoici
541 3466 643 3517 tretilius
667 3463 770 3523 irenen,
788 3463 858 3512 nicht
876 3461 935 3512 aber
951 3461 1127 3513 trotrtoetens·
1162 3462 1200 3509 De
1215 3478 1240 3511 r.

65 3530 230 3599 opponebant
254 3532 387 3592 pendium,
411 3533 492 3580 timori
514 3531 553 3579 rel
571 3538 642 3583 metui
666 3533 798 3593 confidendi
809 3530 909 3579 confert
926 3546 947 3581 c.
958 3529 999 3585 37.
1014 3531 1062 3580 tto:
1082 3539 1108 3578 et
1124 3526 1144 3576 si
1158 3527 1240 3577 liden-

64 3602 205 3651 mationem.
241 3599 271 3646 lit
289 3598 327 3647 sie
344 3600 438 3647 Seneca
457 3614 497 3663 ep.
513 3598 559 3648 85:
590 3603 642 3650 Non
667 3598 718 3659 tia,
742 3599 760 3647 i.
779 3614 801 3647 e.
820 3598 889 3647 firma
906 3596 982 3647 animi
1000 3596 1119 3658 noadaia,
1136 3594 1239 3645 scientia

64 3668 152 3717 timebit
166 3669 210 3714 s'llu
227 3664 275 3731 (vir
289 3663 384 3724 sortist,
400 3663 445 3713 sed
459 3667 549 3714 uiluldt.
575 3666 641 3715 Gaa-
667 3664 787 3732 quaedam
807 3676 844 3715 est
862 3675 889 3714 et
906 3664 992 3731 opinio
1009 3664 1105 3733 gravis,
1130 3679 1179 3713 non
1197 3672 1239 3713 te·

65 3732 104 3783 tio
119 3732 190 3781 illurn
204 3733 287 3789 decet.
305 3731 382 3781 timor
396 3746 448 3780 non
464 3730 546 3779 decet.
572 3734 642 3793 Trep-
667 3750 735 3781 mere
755 3732 912 3782 assentientis
930 3744 980 3782 etc.

64 3800 191 3853 manni
205 3803 344 3863 pror-idere:
370 3797 439 3867 quod
456 3796 573 3864 probarit
591 3802 643 3849 Ws·
716 3802 815 3850 docmati
822 3800 919 3865 caussa]
930 3803 1008 3865 snpra
1018 3818 1039 3851 c.
1047 3798 1073 3855 6.
1084 3796 1187 3849 13.et'i.
1201 3792 1238 3844 ¹6·

65 3868 132 3919 me.
150 3866 251 3917 Emit.
270 3869 349 3933 pas.
374 3865 599 3935 (Desvllabiscun
617 3876 643 3915 et
720 3867 794 3931 §.tit
811 3868 1009 3931 supradiximus]
1028 3864 1084 3919 ed.
1099 3862 1137 3913 14.
1151 3859 1240 3909 ubidi-

59 3950 111 4000 pro
127 3932 154 3979 in
169 3932 242 3980 codd.
261 3934 371 3985 confusis
388 3950 412 3985 r.
427 3922 461 3983 sd
477 3935 521 3983 lli.
536 3934 579 3993 ⁴25,
592 3932 641 3985 60:
667 3942 745 3992 xerat,
764 3935 902 3997 praesentis
914 3935 973 3982 mali
986 3929 1105 3996 sapientis
1120 3925 1239 3976 allectio-

62 4000 157 4053 eumue
178 4000 321 4063 (prodiisti.)
355 4004 393 4052 Aa
411 4016 472 4049 saue
491 3998 513 4049 si
534 3998 562 4049 id
583 4016 643 4047 ren-
667 4015 724 4049 nem
749 4000 842 4051 nnllam
866 4016 920 4051 esse
936 4010 962 4047 et
980 3994 1129 4062 aegritudini
1146 3992 1239 4043 unllam

63 4068 126 4119 burn
141 4064 176 4113 ita
194 4063 330 4129 accipitur.
353 4078 383 4117 ut
398 4067 430 4117 sit
444 4070 574 4130 providum
587 4078 643 4129 sess,
668 4067 833 4118 constantiam
858 4065 959 4135 opponi.
999 4065 1102 4115 Nsidius.
1137 4060 1240 4128 Sapiens

63 4134 193 4195 unrsieluip
206 4137 265 4191 sein,
283 4133 378 4196 optime
391 4134 416 4183 in
432 4134 498 4184 lrernc
513 4132 530 4183 l.
547 4149 643 4182 conve-
668 4132 733 4181 enim
752 4132 784 4183 de
802 4134 944 4185 Stoicorum
967 4128 1092 4180 sententia
1114 4146 1164 4179 nun
1183 4144 1240 4179 usm

64 4200 112 4251 nit.
140 4200 272 4265 volgatam
285 4202 399 4261 confidere
413 4204 490 4251 tttrts.
503 4201 642 4263 inQuaest.
667 4200 848 4267 aegritudinem
864 4199 983 4266 susscipit3
1007 4200 1111 4262 pursdere
1132 4198 1156 4247 ei
1166 4146 1239 4255 licet.

64 4267 136 4319 Tull.
149 4270 167 4317 l.
184 4284 209 4333 p.
222 4270 264 4317 t'il
274 4283 313 4332 sq.
329 4266 393 4315 tueri
407 4266 492 4318 studet
505 4266 545 4317 liis
560 4268 642 4317 ratio·
667 4285 791 4337 nunquam
808 4272 901 4319 testari.

65 4334 156 4385 nibus:
175 4334 299 4397 ,annunt
309 4332 454 4383 Ciceronem
470 4336 583 4385 subtilius
600 4335 641 4383 ln·
717 4352 838 4399 summram
853 4348 936 4397 posse,
952 4360 987 4373 -
1003 4332 1082 4401 posse]
1099 4335 1129 4384 V.
1145 4332 1178 4382 nd
1196 4332 1240 4382 ΙΙΙ.

65 4412 186 4469 quantem
201 4414 278 4469 atque
294 4400 399 4457 sentius.
416 4412 547 4467 quamam
562 4402 642 4451 voluit
666 4404 699 4462 5,
719 4406 756 4456 tt.

64 4469 122 4535 ipse
134 4480 176 4519 aret
192 4487 238 4535 pro
254 4486 283 4521 re
298 4479 356 4519 nats
373 4467 465 4536 potuit.
488 4470 640 4537 Namquum
717 4472 804 4521 taetus
818 4468 881 4535 sum]
900 4472 945 4520 list
961 4470 1102 4519 trochaicus
1119 4476 1241 4516 tetrame-

64 4546 124 4587 totn
140 4538 191 4587 lme
206 4538 263 4586 loeo
276 4536 302 4589 id
317 4536 504 4597 contendisset,
521 4554 575 4587 esse
591 4552 640 4587 non
666 4546 707 4587 ter
730 4536 896 4587 catalecticus.
931 4536 963 4585 sd
989 4538 1057 4586 Fam.
1083 4535 1141 4582 XV.
1158 4534 1190 4587 d,
1211 4534 1238 4580 l:

64 4604 188 4655 minucia
208 4604 281 4653 rebus
298 4605 414 4656 senmdis
431 4604 642 4656 modumtenan-
666 4606 752 4654 Laetus
769 4616 821 4654 sirm
845 4605 942 4652 laudari
959 4617 1010 4663 me,
1036 4600 1116 4665 inquit
1135 4600 1238 4653 Hector,
