2888 5512
699 295 957 349 PROLEGOMBNA.

317 568 804 666 'ruscnarnrnnn
844 578 1317 655 nrsrnrrrronnn

703 739 791 789 narn
806 736 963 797 secnnnr,

572 855 624 909 on
637 855 697 900 rer
710 855 753 899 ns
764 852 953 897 mumanae
967 849 1099 901 maone.

671 959 997 1022 CONSPECTUS.

332 1139 355 1198 1.
397 1137 586 1196 Paoonurure.
618 1134 814 1210 Posteaquam
826 1130 930 1189 Cicero
946 1125 1156 1206 philosophiae
1167 1125 1303 1185 studium
1318 1138 1422 1189 canna

247 1240 311 1301 aius
335 1239 556 1315 vituperatores
576 1235 711 1293 defendit
732 1234 939 1307 llomanoeqne
959 1228 998 1287 ad
1018 1228 1095 1286 idern
1116 1227 1250 1286 studium
1266 1227 1423 1291 colendrnu

247 1340 423 1415 Latinisque
451 1337 559 1396 litteris
586 1335 799 1395 illustrandum
823 1332 1000 1392 cohortatus
1027 1339 1072 1386 est
1094 1327 1258 1405 docuitque
1284 1328 1422 1407 pbiloso-

248 1440 351 1520 phiam
364 1460 381 1498 a
395 1439 560 1497 liberaliter
573 1437 716 1509 eruditis,
743 1434 877 1493 adhibita
894 1431 1060 1491 disserendi
1073 1429 1232 1507 elegantia,
1259 1433 1382 1493 ratione
1392 1443 1424 1494 et

247 1544 298 1603 via
311 1540 497 1601 tractandam
515 1560 588 1599 esse:
609 1538 795 1613 colloquium
812 1536 856 1595 ita
869 1534 1043 1606 inducitur,
1065 1542 1100 1591 ut
1116 1532 1265 1610 prunum,
1285 1531 1423 1595 ltestesrsa

247 1643 418 1723 disputatio
436 1649 578 1717 quantam
595 1638 654 1697 vim
670 1638 777 1695 lrabeat
797 1634 835 1695 asl
848 1634 978 1693 animuin
994 1633 1100 1693 mortis
1115 1642 1199 1692 metu
1215 1643 1248 1692 at
1261 1653 1299 1692 eo
1319 1655 1424 1713 genere

247 1742 398 1805 molestiae
418 1739 623 1812 liberandum,
645 1738 751 1816 paucis
768 1745 936 1815 repetatur,
956 1745 1021 1795 turn
1042 1734 1201 1794 universae
1215 1733 1426 1816 philosophiae

248 1845 288 1904 ad
304 1843 415 1901 animos
429 1850 536 1899 contra
549 1840 652 1898 inanes
665 1837 893 1911 sollicitudines,
915 1836 1096 1915 cupiditates
1106 1836 1289 1914 timeretque
1298 1837 1424 1899 firmu-

250 1945 307 2005 dos
326 1941 563 2019 rnarniendoeque
584 1940 631 2001 vis
650 1939 803 1999 laudetur.
837 1959 863 1997 c.
883 1942 989 1998 1-1.

614 2127 706 2187 Paroa
729 2145 801 2185 rana
822 2144 1056 2185 nrsrnrarrorrs.

334 2249 368 2308 11.
391 2247 582 2306 Prorosrrnrs
596 2240 720 2323 (θέσις).
758 2245 859 2303 Dolor
870 2247 1039 2301 marimum
1053 2253 1096 2299 est
1113 2243 1267 2301 malorum
1280 2247 1422 2303 omna.

249 2351 328 2410 Haec
347 2347 492 2407 sententia
512 2346 612 2404 statim
632 2365 667 2404 eo
683 2354 872 2424 argumento,
896 2341 980 2421 quod
997 2341 1126 2402 dedecus
1140 2352 1171 2403 et
1183 2344 1347 2422 turpitudo
1362 2364 1422 2403 rna·

248 2450 348 2512 iussit
362 2447 468 2507 dolore
478 2447 599 2533 nalum,
620 2446 777 2520 refellitur,
799 2455 834 2505 ut
847 2445 904 2504 iarn
917 2444 1071 2544 iprmutata
1082 2445 1127 2503 sic
1139 2454 1347 2524 proponaturr
1368 2445 1420 2507 do-

251 2554 298 2610 lor
314 2550 434 2609 malum
452 2560 504 2608 est.
527 2568 553 2606 c.
570 2554 599 2606 ὁ.
643 2547 801 2624 Sequitur,
823 2555 858 2605 ut
875 2555 1053 2623 quaeretur,
1075 2545 1165 2605 dolor
1179 2542 1346 2627 (corporis)
1361 2568 1423 2607 ana·

248 2653 350 2713 lumna
365 2650 405 2710 sit
421 2659 450 2709 et
467 2658 613 2726 quatenus
628 2648 677 2707 sit.
721 2647 767 2707 Ad
786 2646 867 2706 hunc
884 2646 1087 2724 quaestionem
1100 2647 1308 2708 illustrandam
1324 2658 1355 2708 et
1368 2670 1421 2709 ex·

248 2751 427 2832 planandam
447 2751 539 2809 trium
553 2749 726 2829 principum
746 2748 971 2828 disciplinarum
987 2748 1026 2807 de
1042 2748 1101 2807 lroc
1116 2760 1291 2828 argumento
1304 2761 1422 2813 1111111·

249 2854 307 2915 rias
326 2862 530 2911 recensentur.

335 2951 368 3037 1)
388 2953 541 3013 Sententia
566 2954 806 3032 cyrenaicorum
823 2947 1009 3031 (Aristippi)
1026 2960 1057 3010 et
1075 2953 1300 3031 Epicureorum
1315 2952 1421 3013 conlu-

248 3066 339 3117 tatar.
363 3076 389 3114 c.
409 3061 487 3117 Μ.
507 3052 607 3135 517.
651 3053 722 3132 (flio
744 3053 848 3114 Cicero
870 3074 954 3113 suam
979 3052 1075 3132 ipsine
1096 3054 1215 3129 profert
1237 3055 1421 3131 sententiam,

246 3156 362 3229 dicens,
383 3156 516 3215 dolorem
528 3177 589 3215 rem
602 3177 662 3215 esse
676 3155 791 3215 tristam
798 3199 808 3230 ,
829 3175 977 3234 asperam,
998 3175 1144 3228 emeram,
1165 3153 1316 3215 inimicam
1328 3167 1419 3217 natu-

245 3274 310 3329 rae,
332 3254 371 3313 ad
382 3257 554 3333 patiendum
567 3257 814 3333 tolerandumque
826 3255 988 3330 difficilem,
1010 3275 1081 3334 ergo
1094 3256 1180 3314 etiarn
1192 3258 1317 3316 malurn:
1338 3256 1419 3336 quod

245 3357 288 3415 ita
303 3376 376 3430 esse,
398 3357 563 3436 intelligere
585 3359 655 3418 licet
675 3377 713 3417 ex
734 3378 786 3432 eo,
814 3357 897 3435 quod
918 3357 1005 3417 etiarn
1029 3357 1207 3417 fortissimos
1226 3359 1312 3419 viros
1329 3359 1419 3419 dolo·

244 3458 286 3517 ris
305 3457 488 3518 cruciatibus
505 3459 603 3538 frangi
624 3469 656 3519 et
675 3459 832 3519 lamentari
857 3459 1000 3517 videmus.
1020 3491 1063 3502 —
1106 3460 1247 3538 Exempla
1263 3460 1419 3523 Philocte-

244 3568 306 3633 tae,
329 3559 482 3634 Herculis,
503 3559 686 3632 Promethei,
707 3560 833 3637 apostis
855 3558 974 3637 tragicis
995 3560 1133 3637 repetita.
1156 3581 1181 3619 c.
1195 3566 1226 3622 1.
1245 3557 1279 3640 5.
1296 3567 1346 3622 111.
1368 3566 1417 3623 ta.

242 3679 270 3719 c.
290 3664 360 3719 11-
373 3663 422 3718 10.
465 3659 545 3718 Hinc
561 3659 694 3719 suscitar
716 3660 815 3719 brevis
839 3660 982 3738 digressio
1001 3660 1038 3718 de
1052 3681 1111 3719 tran
1130 3663 1265 3720 locorum
1282 3682 1299 3722 e
1320 3663 1418 3741 poetis

241 3762 416 3842 petitorum,
435 3759 489 3837 qui
499 3759 752 3840 disputationibus
767 3762 803 3821 de
818 3759 1010 3840 philosophia
1025 3763 1172 3822 institutis
1186 3763 1417 3825 admiscentur.

240 3865 348 3925 Poetae
365 3870 549 3940 carpuntur,
572 3862 669 3939 quod,
691 3883 783 3940 quum
799 3863 978 3923 fortissimos
992 3861 1126 3923 homines
1140 3864 1286 3925 inducant
1300 3866 1416 3939 lamen·

239 3976 351 4039 tentes,
379 3964 491 4025 arsinoe
514 3974 635 4024 nostros
659 3965 796 4025 molliant
821 3964 1006 4042 uirtutisque
1030 3984 1142 4029 nervos
1171 3966 1295 4027 elidant.
1320 3987 1349 4029 1.
1366 3973 1415 4029 11.

238 4066 335 4125 Multo
359 4066 451 4145 magis
475 4074 574 4123 autern
595 4066 791 4144 vituperandi
811 4075 884 4126 eunt
905 4066 1029 4125 virtutis
1049 4066 1198 4145 magistri,
1227 4064 1416 4149 philosophi,

238 4168 292 4242 qui
308 4186 453 4226 summum
474 4167 583 4226 malum
605 4166 740 4227 dolorem
760 4169 876 4239 dicurrt.
920 4170 1034 4229 lluraus
1052 4169 1271 4247 perstringitur
1287 4156 1415 4249 Epicuri

236 4269 391 4326 sententia.
414 4288 438 4325 c.
455 4273 505 4331 12.
526 4266 558 4347 5.
574 4266 638 4348 28.)

316 4369 351 4442 2)
370 4368 523 4427 Sententia
549 4372 741 4439 Stoicorum,
771 4370 826 4446 qui
848 4369 924 4430 nhil
949 4371 1059 4431 malurn
1082 4391 1143 4432 esse
1165 4370 1323 4448 dicebant,
1352 4370 1414 4433 nisi

232 4469 315 4546 quod
334 4480 425 4549 turpe
438 4479 529 4547 atque
544 4471 689 4530 vitiosum
705 4479 793 4547 esset,
814 4470 948 4530 dolorem
970 4472 1063 4550 igitur
1080 4493 1218 4553 asperum
1237 4473 1325 4533 illurn
1340 4471 1413 4551 qui·

230 4570 297 4631 dem
312 4590 374 4630 esse
389 4579 419 4632 et
433 4581 538 4632 contra
558 4581 711 4649 naturam,
736 4571 787 4633 sed
804 4571 914 4633 arulum
930 4592 990 4634 esse
1006 4574 1127 4635 omnino
1147 4574 1311 4656 negabant,
1339 4571 1414 4655 quia
