2946 5550
588 492 595 502 ο

639 514 647 539 Ι

611 732 873 786 euotseonsstns.

322 896 327 907 ’
401 942 430 999 s.
475 939 625 1001 sursus
649 940 744 1001 sans
768 941 1063 1010 orsrors'norus.

721 1061 767 1100 DE

522 1138 660 1190 OFFlCllS
683 1139 961 1194 CONSOLANTIUM.

233 1262 340 1323 Officia
356 1261 577 1322 consolantium
591 1262 805 1339 aegritudinem
821 1273 893 1322 sunt
906 1263 1012 1323 tollere
1024 1265 1241 1344 aegritudinem
1252 1268 1325 1326 sun-

147 1365 245 1441 ditus,
267 1374 322 1424 sut
334 1364 458 1440 sedare,
478 1373 532 1422 aut
544 1362 701 1422 detrahere
713 1384 800 1441 quam
813 1365 988 1444 plurimum,
1010 1377 1065 1427 aut
1076 1369 1263 1447 supprimere
1273 1389 1327 1428 nec

146 1467 214 1548 pati
230 1486 352 1526 manare
369 1464 505 1545 longius,
526 1474 582 1523 aut
600 1465 710 1525 adalia
725 1466 894 1531 traducere.
936 1469 1015 1528 Haec
1029 1470 1205 1528 consolandi
1222 1490 1327 1549 genera

148 1569 269 1648 singula
286 1568 397 1648 singuli
415 1566 590 1648 philosophi
606 1577 788 1644 sequuntur.
831 1569 933 1628 Cicero
950 1581 1047 1630 sutem
1062 1570 1243 1630 haecomnia
1262 1572 1326 1630 col-

148 1671 270 1750 ligenda
287 1679 403 1744 cesam,
425 1667 496 1748 quia
516 1669 593 1727 alius
609 1659 672 1726 alio¹
688 1668 778 1727 modo
797 1681 969 1746 moveatur,
992 1692 1112 1750 eamque
1128 1673 1327 1732 adhibendam

150 1772 352 1846 curationem,
381 1791 469 1849 quam
489 1769 616 1847 quisque
632 1770 767 1848 recipere
790 1773 899 1850 possit,
929 1785 1195 1853 opportunumque
1214 1784 1328 1853 tempus

148 1873 331 1932 sumendum
346 1892 417 1931 esse.
436 1869 467 1951 §.
481 1877 532 1932 33.
570 1870 693 1948 Singula
710 1873 885 1931 consolandi
900 1894 1006 1953 genera
1020 1876 1190 1934 accuratius
1205 1886 1235 1935 et
1252 1877 1327 1935 ube-

150 1975 224 2033 sius
244 1974 445 2033 illustrantur.
465 1994 491 2032 c.
509 1979 560 2034 32.
581 1977 633 2032 33.

242 2074 292 2135 flt.
312 2077 475 2135 &assumo
491 2094 598 2134 socrus
613 2093 849 2136 nssrursrsorns.
892 2077 1085 2154 Posteaquam
1103 2075 1207 2136 Cicero
1224 2097 1255 2137 se
1272 2096 1328 2136 ex-

148 2177 288 2252 cusavit,
309 2159 410 2255 quod,
432 2195 526 2254 quum
541 2175 709 2254 quaesitum
723 2187 812 2250 esset,
842 2188 979 2255 possetne
995 2179 1029 2238 in
1045 2180 1209 2258 sapientem
1224 2180 1330 2239 cadere

146 2277 323 2357 aegritudo,
345 2299 360 2335 s
374 2277 532 2357 proposito
546 2278 688 2336 aberrans
706 2287 798 2336 totam
814 2279 849 2336 de
863 2280 1049 2358 aegritudine
1060 2282 1229 2340 doctrinam
1242 2301 1326 2340 com-

146 2380 260 2460 plexus
274 2391 363 2439 esset:
393 2399 457 2438 eam
472 2380 661 2453 mutandam,
691 2400 750 2456 qua
764 2380 860 2439 totius
879 2380 1092 2458 disputationis
1108 2403 1210 2441 caussa
1226 2384 1327 2442 conti-

146 2493 275 2558 nentur,
295 2493 347 2557 ut,
368 2481 521 2563 quicquid
534 2485 577 2539 stt
594 2485 628 2540 in
644 2482 842 2561 aegritudine
858 2484 937 2541 malt
945 2523 956 2549 ,
979 2483 1016 2540 id
1032 2505 1093 2540 non
1112 2487 1257 2542 naturale
1272 2489 1328 2553 sit,

148 2587 208 2644 sed
225 2587 404 2644 vohauars'o
425 2583 547 2642 iudicio
571 2595 599 2641 et
621 2587 777 2662 opinionis
798 2605 897 2642 errore
921 2594 1129 2649 contractum,
1159 2586 1269 2663 repetit
1289 2595 1328 2659 et,

148 2706 336 2764 quanquam,
358 2685 501 2744 universa
513 2684 699 2762 aegritudine
711 2684 843 2758 sublata,
866 2685 1050 2762 reliquorum
1064 2684 1211 2745 malorum
1226 2707 1242 2745 a
1256 2685 1329 2763 qui-

148 2790 210 2847 bus
230 2787 346 2847 oriatur
361 2785 524 2866 aegritudo
536 2786 665 2845 remedia
678 2807 740 2845 non
755 2806 932 2865 magnopere
948 2787 1118 2864 quaerenda
1133 2787 1209 2860 sint,
1231 2797 1330 2846 tamen

147 2889 335 2969 singularum
356 2909 459 2948 rerum
487 2888 627 2967 prbprias
649 2889 866 2947 consolationes
891 2910 954 2947 non
974 2889 1097 2948 inutiles
1121 2909 1183 2948 esse
1204 2889 1329 2948 iudicat.

151 2992 279 3066 Doride,
302 3010 379 3070 quse
395 2991 553 3069 superiore
567 2989 774 3068 disputatione
785 2991 876 3049 latius
890 3001 920 3051 et
933 2991 1072 3051 diffusius
1085 2992 1219 3073 exposita
1234 3001 1329 3066 erant,

150 3095 256 3174 paucis
271 3092 512 3173 comprehendit.
557 3091 688 3168 Denique
703 3092 787 3149 varia
804 3092 997 3170 aegritudinis
1011 3112 1117 3170 genera
1131 3094 1264 3152 breviter
1278 3093 1329 3151 di-

96 3218 98 3231 ·
151 3205 292 3255 numerat
307 3204 338 3254 et
360 3195 442 3255 viem
461 3193 518 3253 sibi
534 3193 636 3252 munit
651 3192 688 3250 ad
708 3194 857 3295 sequentis
880 3193 1093 3273 disputationis
1114 3205 1330 3275 argumentum.

150 3302 254 3359 cdd·

647 3481 846 3490 ψ’,-

255 3628 717 3741 ruscossssnun
756 3663 1236 3757 tsssrursrsosun

623 3820 713 3869 ntem
733 3818 869 3880 Quanti,

353 3936 407 3990 ons
419 3936 480 3981 ssr
495 3936 535 3981 os
548 3934 692 3988 susionis
705 3932 796 3978 ιιιιιιι
809 3930 1130 3985 ιιιιιίιιιιιιιιιιιιιιιιυε,

577 4043 924 4103 CONSPEGTUS.
981 3980 1012 4087 x

236 4214 259 4273 l.
301 4215 495 4273 Pnoosmms.
538 4213 716 4273 Laudentur
732 4211 857 4271 Romani
860 4255 873 4287 ,
896 4210 995 4288 quod,
1018 4229 1110 4287 quum
1127 4211 1254 4288 aprima
1270 4211 1331 4267 Ur-

152 4319 199 4376 bis
220 4326 293 4375 ortu
317 4317 441 4395 egregiis
461 4316 595 4375 moribus
616 4315 822 4389 institutisque
843 4323 872 4370 et
891 4312 1046 4390 disciplina
1065 4333 1100 4397 ac
1119 4311 1334 4389 temperatione

154 4417 287 4477 civitatis
302 4419 499 4492 eminuerint,
529 4429 609 4491 tum,
637 4416 793 4475 dominatu
810 4414 890 4492 regio
911 4434 944 4472 re
963 4413 1082 4491 publica
1099 4413 1237 4483 liberata,
1260 4430 1334 4488 pro-

151 4520 335 4599 gressionem
345 4520 551 4599 admirabilem
563 4518 823 4592 incredibilemque
834 4535 953 4573 cursum
965 4514 1002 4572 ad
1012 4533 1125 4571 onmem
1135 4512 1336 4572 excellentiam

152 4622 293 4681 fecerint.
315 4643 342 4681 o.
356 4628 384 4682 l.
406 4620 437 4701 §
455 4628 482 4682 l.
516 4621 575 4678 lam
590 4619 758 4696 antiquitus
771 4617 893 4676 Romani
909 4616 1009 4675 studia
1023 4615 1192 4689 doctrinae,
1215 4616 1337 4675 aliunde

154 4724 313 4798 ucessita,
336 4732 558 4782 conservarunt
577 4732 606 4781 at
623 4721 794 4780 coluerunt.
839 4719 930 4777 Cuius
944 4717 990 4775 rei
1007 4737 1137 4776 caussam
1154 4717 1337 4796 aPythago-

154 4845 206 4885 rae
220 4824 365 4886 doctrina
381 4823 573 4904 repetendam
594 4842 670 4898 esse,
701 4842 793 4899 quum
815 4818 989 4879 coniectura
1009 4820 1164 4898 probabile
1184 4828 1247 4893 est,
1273 4828 1339 4878 tum
1400 4884 1403 4891 ¹

157 4927 358 5008 quibusdam
355 4927 443 4986 etiam
458 4926 637 4987 testimoniis
651 4923 803 4984 historicis
819 4917 981 4982 in‘dicatur.
1002 4919 1077 5000 §.2
1092 4928 1122 4982 3.
1145 4942 1171 4981 ιι.
1189 4928 1219 4980 2.
1262 4920 1337 4980 Phi-

155 5028 330 5109 losophiam
347 5039 446 5089 autern
466 5039 582 5089 veteres
602 5027 737 5088 Romani
744 5026 806 5086 vita
825 5025 929 5103 magis,
951 5043 1038 5101 quam
1057 5022 1168 5087 litteris
1191 5019 1340 5098 persecuti
