2888 5512
140 258 178 317 Vt
557 268 714 317 uers'ronx
733 268 886 317 urrr'ronrs

142 416 259 506 reputo
284 412 441 500 quantum
466 406 666 501 perceperim
690 406 917 495 iucrmditatis,
954 414 1034 498 quot
1060 414 1170 478 autern
1198 430 1312 500 quam·—

140 546 253 621 varios
277 543 424 634 fructus,
457 550 527 615 tum
553 541 748 615 suauissima
775 543 903 615 animus
927 542 1137 639 perfunditur
1159 542 1313 639 laetitia.¹

143 682 407 776 Quotiescunque
426 680 513 751 enim
536 685 642 750 tecum
663 701 769 770 eram,
803 702 972 752 sermones
989 680 1127 752 miscere
1153 680 1293 771 solebas,

140 818 310 911 inquibus
331 838 457 889 summa
474 814 619 911 pavitas
637 837 673 886 ac
689 816 849 889 severitas
868 817 952 888 miro
971 815 1113 909 quodam
1127 816 1242 912 lepore
1262 820 1294 889 a

140 954 338 1027 iucunditate
354 952 533 1025 cumulatae
550 958 653 1023 erant.
707 950 786 1025 Siue
802 977 953 1024 sermone
968 958 1026 1024 tuo
1041 954 1294 1048 complectebare
1317 1022 1320 1027 .

139 1091 313 1165 universae
327 1088 531 1181 antiquitatis
549 1088 802 1183 praestantiam,
828 1090 898 1161 sive
920 1091 1093 1162 versabere
1111 1089 1146 1160 in
1163 1088 1294 1183 praedi·

140 1226 252 1299 candis
267 1226 542 1321 explanandisque
556 1226 692 1297 srunmis
707 1249 744 1297 ac
758 1226 813 1298 vix
826 1225 994 1298 imitandis
1008 1225 1187 1299 uirtutibus
1201 1224 1295 1319 priu-
1324 1257 1327 1263 ·

141 1364 246 1459 cipum
264 1362 418 1436 Graeciae
436 1369 626 1457 potiturum,
651 1368 689 1433 ut
702 1362 858 1451 Homeri,
884 1369 922 1434 ut
938 1360 1096 1452 Aeschyli
1111 1367 1144 1432 et
1163 1360 1295 1455 Sopho-
1325 1392 1328 1437 ;

141 1500 211 1589 elis,
228 1506 266 1569 ut
280 1498 435 1587 Pindari,
461 1498 532 1570 sive
547 1498 688 1589 denique
702 1498 909 1589 antiquarum
922 1497 1109 1591 linguarum
1122 1496 1295 1587 rationem,

139 1634 352 1707 subtilitatem
367 1632 624 1725 elegantiamque
639 1631 808 1702 enucleare
824 1638 857 1703 et
871 1632 998 1726 aperire
1014 1633 1188 1705 studebas:
1205 1640 1296 1705 tauta

140 1770 316 1863 loquebare
333 1766 512 1856 alacritate,
537 1772 575 1837 ut
590 1789 757 1859 nunquam
775 1768 881 1839 abste
900 1768 1120 1860 discederem,
1146 1769 1227 1861 quin
1244 1769 1296 1841 iu-

141 1905 283 1979 satiabili
295 1905 433 1997 quadam
446 1903 653 1995 antiquarum
665 1902 850 1975 litterarum
862 1904 1081 1999 praestantiae
1095 1927 1297 1999 cognosceu-

141 2045 200 2115 dae
226 2066 262 2114 ac
287 2041 418 2136 penitus
443 2040 671 2136 percipiendae
698 2041 941 2113 exardescerem
968 2041 1155 2136 eupiditate.

239 2178 281 2249 lu
295 2178 412 2249 harum
427 2199 538 2249 rerum
555 2177 781 2251 recordatione
799 2202 900 2271 quum
920 2184 988 2251 tam
1015 2178 1117 2249 murlta
1142 2184 1236 2272 grata
1262 2202 1299 2251 ac

139 2313 290 2403 iucunda,
313 2312 431 2405 quibus
447 2312 483 2383 in
499 2314 688 2385 memoriam
705 2316 900 2387 revocandis
920 2338 1016 2410 saepe
1032 2315 1124 2387 soleo
1142 2314 1298 2403 aunuum,
1334 2336 1340 2407 q

139 2449 170 2519 si
191 2448 276 2519 forte
293 2448 329 2519 iu
349 2471 464 2541 magua
487 2470 566 2519 saure
590 2450 799 2545 negotiorum
825 2451 1034 2522 multitudiue
1062 2450 1206 2540 deficiat,
1242 2472 1298 2523 re·

141 2608 252 2657 creare
279 2590 376 2676 atque
400 2583 601 2676 exhilarare,
628 2587 864 2691 adversentur,
889 2593 945 2675 ut,
970 2587 1000 2658 si
1015 2586 1124 2659 omnia
1140 2609 1296 2659 enarrare
1337 2604 1340 2609 ·

139 2721 256 2812 velim,
283 2720 462 2795 verendum
476 2720 557 2792 mihi
573 2721 636 2812 sit,
660 2745 702 2793 ne
715 2724 752 2794 iu
766 2722 963 2795 latissimum
979 2745 1150 2795 excurram
1166 2723 1297 2797 dicendi

140 2883 298 2955 eampum,
325 2858 381 2952 qui
393 2881 462 2930 uon
478 2859 587 2952 possit
602 2858 728 2952 exiguis
746 2859 903 2954 epistolae
919 2859 1071 2931 terminis
1089 2860 1295 2933 circumscri-

139 2998 190 3069 bi:
215 3004 323 3069 tamen
340 3020 459 3087 rurum,
484 2995 602 3089 inquo
620 2995 758 3068 maxime
777 3003 808 3067 te
829 3003 985 3089 tuumque
1002 2997 1171 3091 ingenium
1188 2997 1295 3069 admi-

138 3138 230 3204 ratus
249 3156 339 3220 sarm,
364 3132 471 3205 iacere
490 3157 558 3205 non
576 3157 730 3229 possum,
757 3133 835 3226 quin
853 3134 954 3206 uerbo
973 3134 1142 3229 attingam.
1195 3132 1296 3205 Scili-

139 3275 189 3339 cet
216 3292 314 3360 qoum
337 3292 445 3340 sermo
471 3269 679 3343 deferebatur
702 3272 745 3343 ad
767 3270 958 3361 Platonem,
983 3278 1072 3360 tum,
1096 3268 1207 3343 nescio
1228 3294 1295 3363 qua

138 3404 303 3477 hilaritate
329 3410 363 3475 et
389 3405 482 3498 quasi
503 3407 701 3494 serenitate,
737 3429 819 3497 quae
843 3430 882 3477 ex
916 3404 1019 3477 oeulis
1048 3412 1183 3498 totoque
1217 3408 1296 3479 vul-

138 3546 175 3611 tu
194 3541 352 3627 eluceret,
384 3540 557 3635 perfusus,
589 3548 680 3614 tanta
704 3541 886 3637 gravitate,
920 3546 1011 3612 tanto
1037 3541 1137 3613 animi
1161 3543 1294 3634 ardore,

137 3683 229 3749 tauto
249 3676 388 3768 denique
410 3677 570 3750 orationis
586 3677 719 3750 flumine
745 3678 846 3749 verba
868 3676 1028 3766 faciebas,
1062 3685 1100 3750 ut
1122 3680 1162 3749 de
1181 3680 1294 3753 diviua

136 3813 227 3886 illius
250 3812 455 3908 philosophia
481 3814 640 3887 diuinitus
658 3815 749 3907 loqui
773 3813 935 3888 viderere.
989 3811 1060 3905 Ωιιο
1086 3813 1205 3888 lactum
1230 3824 1293 3909 ost,

137 3956 174 4020 ut
193 3974 291 4041 quum
308 3950 482 4023 universae
505 3951 752 4048 philosophiae,
784 3957 853 4022 trum
870 3948 1058 4021 Platonicae
1076 3950 1293 4024 addiscendae

136 4084 335 4158 desiderium
353 4086 497 4158 animum
513 4094 643 4182 caperet
658 4086 958 4183 flagrantissimum.
1010 4084 1199 4159 Platonicae
1217 4085 1292 4181 pbi-

32 4294 39 4309 ,
136 4218 305 4315 losophiae
330 4221 474 4294 studium
499 4222 635 4319 posthac
659 4222 806 4295 traduxit
829 4244 880 4293 me
906 4223 948 4294 ad
971 4221 1160 4311 Ciceronis,
1193 4223 1292 4295 uiuus

136 4356 280 4429 omnium
299 4356 527 4430 Romanorum
543 4357 817 4453 praestantissimi
830 4358 1008 4453 sapientiae
1022 4358 1191 4454 magistri,
1217 4358 1292 4454 phi-

136 4492 339 4589 losophiam:
366 4518 448 4587 quae
467 4518 566 4588 quum
581 4494 684 4565 multa
700 4492 851 4567 Platonis
866 4495 996 4568 decreta
1010 4495 1166 4569 asciverit
1180 4519 1216 4569 ae
1231 4522 1290 4569 suaa
