2888 5512
602 625 862 680 rtottcottant.
1281 622 1321 683 15

147 769 203 811 m
216 757 287 830 post
300 755 431 807 mortem
442 754 556 823 status3
576 746 607 805 id
621 757 720 806 antem
734 750 853 809 ratione
865 750 1039 812 discendum
1051 764 1108 814 est:
1128 756 1214 814 cuius
1228 757 1318 835 igno·

125 854 213 913 'ratio
236 870 331 912 sanes
350 859 383 908 et
407 848 552 908 ridiculas
572 850 609 908 de
627 861 709 909 statu
732 851 899 911 inferorum
921 854 1080 933 opiniones
1102 857 1203 916 linxit.
1225 880 1251 917 c
1267 865 1318 919 tu.

141 955 343 1033 dstiquorunr
358 949 612 1031 philosophorum
628 953 793 1011 sententiaa
807 966 1009 1015 recensentur.
1031 979 1056 1016 c.
1071 965 1122 1019 tt.
1140 965 1189 1018 te.
1231 961 1316 1020 Cice·

139 1058 216 1117 tuuis
232 1054 385 1114 sententie
405 1053 481 1111 liaeo
497 1062 555 1111 est:
587 1054 726 1127 Animus,
753 1074 845 1132 quum
864 1076 882 1114 s
898 1077 1028 1136 corpore
1048 1062 1225 1136 excesserit,
1246 1065 1316 1139 quie

139 1170 243 1219 natura
264 1156 333 1216 eius
354 1154 511 1234 epirabilis
528 1154 675 1233 velignea
691 1166 750 1231 est,
776 1157 815 1215 ad
832 1160 1019 1236 superiorein
1038 1164 1186 1239 regionem
1204 1165 1317 1241 evadit,

138 1278 209 1339 quse
226 1270 371 1317 naturam
388 1254 481 1315 habet
499 1256 591 1314 animi
612 1267 739 1316 naturae
757 1257 895 1318 similem:
923 1280 1012 1337 (quarn
1032 1282 1125 1339 quum
1144 1265 1269 1342 contigit
1287 1277 1316 1325 et

136 1360 273 1440 agrsorit,
298 1358 411 1417 iunctis
429 1378 468 1417 ex
482 1357 580 1415 articus
599 1358 684 1416 tenni
701 1367 784 1417 etex
804 1361 915 1420 ardore
930 1361 1002 1420 solis
1021 1372 1186 1442 temperato
1200 1365 1317 1443 ignibus

136 1464 247 1523 insistit
264 1470 297 1521 et
310 1459 400 1519 linem
416 1457 509 1517 altius
524 1478 556 1517 sc
571 1457 715 1518 efferendi
737 1460 807 1519 lacit
825 1461 857 1519 in
874 1482 967 1541 eaque
988 1464 1057 1523 seda
1077 1465 1159 1524 nullo
1181 1487 1213 1524 rc
1232 1487 1317 1545 egens

135 1563 232 1623 aletur
242 1573 274 1621 et
284 1559 505 1620 sustentabitur
518 1560 626 1619 eisdem
637 1562 734 1636 rebus,
751 1563 860 1639 quibua
872 1574 952 1623 astra
964 1574 1173 1627 sustentantur
1186 1578 1215 1628 et
1225 1568 1314 1627 alun-

136 1675 199 1725 tur.
244 1666 345 1741 Atque
361 1673 426 1721 tum
441 1661 551 1719 erlinus
566 1662 656 1736 beati,
677 1682 784 1740 quum,
807 1666 988 1743 corporibus
1003 1668 1131 1743 relictis,
1150 1680 1180 1728 et
1192 1670 1314 1747 cupidi-

136 1774 234 1825 tatum
251 1774 285 1822 et
300 1763 530 1822 montionem
548 1762 658 1822 eritnue
676 1774 814 1841 expertes
831 1775 969 1843 totosque
987 1789 1041 1827 nos
1058 1769 1090 1828 in
1108 1771 1315 1848 contemplan-

136 1866 184 1927 tis
201 1867 301 1924 rebus
318 1863 586 1943 perspiciendisque
604 1884 757 1942 ponemus.
779 1887 804 1923 c.
821 1870 1029 1926 19—2t.-
1071 1869 1147 1927 Tum
1160 1852 1317 1946 esquirere

136 1966 258 2040 studet,
281 1965 355 2043 qaid
370 1964 424 2039 sit,
445 1965 528 2042 quod
543 1964 629 2023 multi
645 1964 819 2045 philosophi
832 1966 1041 2042 inveniantur,
1065 1971 1118 2047 qui
1131 1972 1244 2031 animos
1257 1973 1315 2031 irn-

135 2068 277 2129 nsortales
292 2086 356 2127 esse
373 2076 488 2144 negent.
504 2098 548 2110 -·
589 2065 677 2125 Nulla
694 2067 752 2126 alia
775 2088 876 2127 caussa
894 2080 952 2144 est,
980 2071 1038 2130 nisi
1050 2074 1133 2151 quod
1155 2084 1316 2153 nequeunt,

136 2170 232 2250 qualis
251 2168 371 2227 animus
388 2170 455 2226 eim
472 2188 600 2247 corpore
613 2169 668 2243 sit,
695 2169 856 2249 intelligere
872 2180 901 2229 et
922 2170 1102 2251 cogitatione
1117 2176 1315 2253 comprehen-

136 2274 215 2331 dere.
258 2270 292 2329 td
315 2278 415 2328 autem
434 2267 512 2327 nihil
534 2279 591 2343 est,
618 2270 676 2328 nisi
693 2270 773 2329 sorte
793 2272 937 2345 dicimus,
965 2277 1046 2349 quod
1064 2295 1217 2353 nunquam
1232 2278 1316 2336 ridi-

136 2394 213 2447 urus,
241 2372 275 2431 id
294 2371 385 2449 quale
404 2370 459 2443 sit,
487 2370 652 2450 intelligere
670 2392 724 2429 nos
745 2393 807 2429 non
829 2392 926 2450 posse.
969 2377 1009 2431 At
1029 2383 1064 2432 ut
1083 2375 1173 2432 deum
1189 2397 1317 2454 corpore

138 2475 311 2546 liberatum,
333 2472 377 2531 ita
394 2476 526 2531 animum
541 2472 720 2550 cogitatione
736 2473 894 2551 complecti
909 2493 1079 2551 possumus3
1103 2477 1192 2533 inuno
1206 2478 1231 2534 ei
1247 2478 1315 2534 eni·

138 2575 179 2636 uri
193 2586 334 2634 naturum
352 2574 518 2647 intuentur,
539 2573 633 2632 multo
648 2572 803 2632 difficilior
818 2574 904 2632 nobis
918 2574 1071 2654 multoque
1087 2576 1247 2636 obscurior
1260 2577 1315 2637 dc-

139 2680 191 2737 bet
210 2696 273 2737 esse
298 2675 461 2756 cogitatio,
490 2674 586 2752 qualis
608 2676 724 2734 aninrus
748 2675 781 2733 in
808 2696 935 2756 corpore
959 2677 1010 2752 sit,
1040 2688 1180 2756 tanquam
1204 2680 1316 2741 eliense

139 2778 232 2854 durni,
255 2797 348 2857 quam
365 2776 480 2855 qualis,
503 2796 595 2854 qutun
610 2758 717 2836 exierit
732 2788 761 2836 et
777 2776 809 2835 in
824 2777 952 2836 liberunt
968 2779 1079 2839 caeluni
1095 2781 1179 2859 quasi
1195 2782 1316 2842 donrunr

105 2878 108 2883 ’
139 2902 217 2940 suant
235 2880 368 2940 venerit.
390 2899 417 2937 c.
437 2883 490 2937 Ἠ.
534 2878 587 2937 llis
608 2879 645 2938 de
665 2878 830 2938 animorum
845 2890 914 2958 post
936 2892 1060 2941 mortun
1076 2892 1157 2943 statu
1171 2885 1314 2964 praeniis-

140 2982 191 3060 ais,
211 2984 271 3041 iarn
293 2988 469 3059 sequuntur

220 3170 424 3249 Argununta
433 3207 445 3234 ,
468 3167 582 3244 picibus
601 3167 807 3226 denconstrarc'
822 3175 925 3246 possit
934 3211 945 3237 ,
968 3174 1091 3228 animoa
1110 3192 1173 3226 esse
1187 3176 1315 3226 immor·-

141 3275 223 3331 tudes.

218 3386 252 3469 a)
275 3388 409 3447 Primum
429 3397 637 3464 argumentum
655 3388 858 3458 Platonicum,
887 3408 908 3442 o
928 3397 1045 3443 notram
1064 3386 1167 3439 animi
1184 3383 1318 3443 ductum.

144 3490 267 3549 anno·
279 3510 349 3563 suu,
369 3509 431 3549 nou
449 3490 546 3549 aliena
561 3488 592 3547 vi
606 3498 756 3547 movetur.
802 3490 904 3558 Quum
919 3484 1037 3544 veroid
1053 3484 1165 3557 solnm,
1189 3485 1270 3561 quod
1287 3506 1319 3545 se

143 3592 242 3670 ipsum
254 3600 365 3665 moret,
385 3591 456 3669 quia
471 3609 625 3666 nunquam
638 3589 788 3647 deseritur·
804 3607 819 3644 a
834 3607 879 3660 se,
902 3605 1056 3663 nunquam
1070 3607 1105 3645 ne
1117 3587 1230 3645 moveri
1245 3588 1316 3663 qui-

144 3693 206 3753 dun
222 3692 348 3769 desinit;
367 3694 485 3751 animus
500 3701 640 3750 aeternus
656 3692 697 3748 sit
711 3700 742 3747 et
757 3689 932 3748 immortalis
949 3707 1064 3748 necesse
1077 3699 1129 3748 est
1171 3689 1317 3771 t‘n'ncipii

145 3795 283 3855 utnulla
303 3795 392 3873 origo
413 3803 471 3868 est,
495 3794 538 3853 ita
560 3812 598 3850 ne
619 3790 731 3850 occidit
753 3789 881 3868 quidem.
904 3812 930 3850 c.
942 3794 1015 3850 uu·

223 3894 258 3977 b)
279 3896 416 3955 Alterum
436 3904 656 3974 argutionum,
679 3916 700 3951 a
708 3893 928 3970 facultatibus
944 3896 1046 3951 (mimi
1063 3892 1197 3952 ductum.
1241 3897 1316 3955 Ani·
1392 3946 1396 3955 .

148 4016 206 4057 uus
217 3998 262 4057 eis
280 3998 474 4057 facultatibus
491 3997 657 4056 instructus
674 4006 733 4070 est,
755 4015 844 4073 quse,
867 3997 924 4054 nisi
939 4017 955 4053 a
972 3995 1042 4070 deo,
1065 3995 1186 4055 aliunde
1201 3997 1239 4056 ad
1257 3998 1316 4056 lio-

148 4101 245 4161 tu‘ueus
267 4100 374 4159 venire
392 4120 452 4159 non
469 4108 612 4179 possunt,
640 4098 759 4157 divinae
780 4098 874 4175 igitur
897 4098 937 4157 ob
955 4117 1076 4177 eantque
1096 4120 1158 4158 rem
1180 4109 1317 4158 aeternae

150 4192 334 4261 sintnec'esse
354 4211 408 4261 est.
452 4198 485 4281 o)
507 4201 636 4258 Primum
655 4198 744 4257 lubet
761 4203 957 4269 memor-inm,
987 4219 1062 4278 quae
1081 4201 1231 4279 duplicem
1256 4201 1318 4257 vini

152 4298 248 4380 lubet,
269 4305 402 4383 primum
418 4303 495 4360 eninr
517 4301 553 4359 de
570 4300 700 4359 Plutonis
714 4300 859 4358 sententia
880 4310 924 4359 est
943 4301 1112 4360 recordatio
1128 4303 1209 4358 vitae
1225 4319 1317 4380 supe·

152 4402 247 4464 tiaris:
270 4425 358 4484 equa
372 4414 408 4463 ut
425 4386 613 4481 intelligitur,
634 4401 781 4475 animum,
803 4412 958 4480 antequam
972 4403 1003 4460 in
1019 4421 1130 4480 corpus
1146 4402 1318 4480 intraverit,

154 4502 292 4567 utrorum
306 4506 480 4586 cognitione
497 4504 640 4583 viguisse,
660 4504 704 4562 ita
719 4504 862 4567 concludi,
874 4505 977 4577 debet,
999 4524 1083 4577 eum,
1105 4504 1194 4563 etiam
1211 4506 1317 4567 relicto

76 4656 80 4667 .
154 4622 284 4687 euporo,
305 4626 536 4688 pennanaurunt
553 4626 624 4665 esse.
667 4606 744 4663 Tum
760 4606 900 4664 memoria
923 4604 1001 4664 hanc
1016 4606 1077 4664 rim
1097 4605 1201 4684 hebet,
1222 4608 1317 4668 nteit

75 4746 84 4756 .
156 4710 277 4769 nmimi
299 4709 446 4783 facultas,
475 4728 533 4785 que
551 4718 652 4767 tenere
665 4707 736 4766 olirn
754 4708 786 4765 in
801 4706 858 4767 hac
878 4707 942 4765 vita
961 4719 1100 4788 percepta
1117 4731 1153 4770 ac
1166 4730 1318 4785 rer-ocare,

75 4849 85 4861 -
159 4812 385 4890 ‘tmducunqus
401 4811 500 4885 lubet,
528 4810 683 4888 possimus.
704 4830 730 4869 c.
748 4813 801 4870 at.
843 4810 924 4869 llaec
939 4820 1038 4870 autern
1055 4813 1209 4890 praeclare
1227 4810 1318 4870 animi

158 4906 196 4965 vit
207 4930 293 4989 qaam
307 4912 387 4973 nihil
401 4911 575 4971 inveniatur
591 4911 671 4970 unde
686 4910 762 4970 oriri
775 4910 880 4991 possit,
902 4910 1034 4971 divinem
1050 4882 1195 4989 originem
1212 4911 1319 4969 lrabeat
