2946 5550
496 789 540 838 AD
557 788 768 838 Luuoueuutu
787 787 977 838 DlSSllNlUlll.
1264 774 1317 833 Vll

145 928 270 1001 iecerit
287 928 466 1020 cademque
489 928 530 999 ad
554 926 644 999 illius
670 925 853 1021 exemplum
881 928 1014 1024 egregio
1037 927 1167 1001 dicendi
1192 951 1312 1024 genere

148 1064 375 1161 expresserit,
398 1064 484 1136 mira
509 1066 649 1158 quadem
673 1086 725 1136 me
752 1062 865 1136 allexit
890 1066 932 1136 ad
957 1088 993 1138 se
1019 1064 1245 1138 delectatione.

251 1200 474 1295 Posteaquam
495 1207 571 1273 ante
599 1205 754 1295 quattuor
774 1223 900 1291 annos,
933 1198 1091 1297 Gottinga
1108 1203 1243 1294 relicta,
1276 1203 1311 1275 in

150 1340 244 1429 lyceo
263 1337 529 1427 llannoverano,
555 1338 645 1430 quod
662 1335 798 1431 Georgii
811 1335 976 1410 Friderici
994 1335 1207 1430 Grotelendi,
1233 1363 1311 1412 eru-

149 1474 288 1547 ditionis
305 1473 392 1546 lama
410 1472 602 1564 clarissimi,
628 1473 783 1569 auspiciis
798 1473 977 1547 laetissime
994 1472 1158 1565 effloruit,
1192 1475 1311 1549 iuuen-

149 1612 233 1683 tutis
257 1611 465 1703 antiquarum
490 1610 676 1683 litterarum
700 1611 820 1683 studiis
852 1611 1045 1683 imbuendae
1072 1611 1310 1711 fingendaeque

152 1747 353 1841 provinciam
372 1745 521 1841 suseepi3
552 1747 647 1819 enixe
665 1747 775 1819 omnia
788 1746 938 1820 facienda
959 1748 1092 1845 putari,
1124 1755 1181 1840 ut,
1214 1773 1311 1842 quam

152 1882 291 1978 perlecti
305 1890 339 1954 et
354 1884 503 1955 omnibus
516 1883 664 1956 numeris
678 1883 821 1955 absoluti
834 1891 983 1957 veterum
995 1883 1194 1978 scriptorum
1205 1886 1310 1957 inter-

152 2019 278 2113 pretis,
308 2025 400 2092 atua
415 2018 587 2114 disciplina
603 2018 752 2108 ductam,
784 2018 980 2114 cogitatione
996 2018 1218 2114 concepissem
1234 2045 1311 2114 spe-

151 2156 252 2245 ciem,
277 2162 432 2249 tanquam
449 2155 615 2250 exemplar
629 2153 710 2226 mihi
725 2176 964 2250 proponerem,
990 2156 1032 2228 ad
1047 2155 1139 2228 euius
1156 2155 1311 2229 similitu·

150 2292 280 2382 dinem,
306 2292 517 2385 quantumin
533 2315 584 2363 me
605 2297 713 2381 esset,
739 2297 842 2364 totam
854 2291 1095 2389 interpretandi
1111 2298 1215 2364 artem
1229 2292 1311 2365 diri-

151 2452 264 2524 gercm
285 2452 323 2500 ao
342 2450 583 2524 componerem.
634 2428 750 2520 Itaque
774 2427 810 2499 in
831 2429 1031 2523 explicandis
1054 2435 1204 2501 veterum
1228 2430 1311 2501 scri-

153 2572 284 2661 ptorum
305 2564 525 2637 monumentis
540 2564 624 2636 nihil
647 2564 741 2660 prius
759 2570 856 2657 atque
881 2564 1048 2656 antiquius
1067 2563 1183 2654 habui,
1215 2588 1311 2656 quam

156 2709 207 2792 ut,
231 2727 250 2774 a
269 2701 478 2797 grammatica
492 2700 621 2773 ratione
640 2706 673 2772 et
689 2700 820 2795 linguae
835 2700 968 2795 ingenio
984 2700 1214 2795 proficiscens,
1242 2700 1312 2773 dis-

154 2838 284 2933 cipulos
297 2862 389 2910 meos
405 2838 451 2909 ita
468 2837 694 2927 instituerem,
719 2842 758 2908 ut
773 2860 829 2909 res
844 2843 877 2909 et
892 2839 1092 2930 sententias,
1117 2838 1154 2911 in
1170 2839 1237 2911 illis
1254 2861 1312 2911 ex-

153 2999 308 3072 pressas,
333 2974 442 3047 animo
459 2980 631 3067 menteque
646 2973 853 3069 perciperent
869 2981 902 3046 et
917 2976 958 3047 ad
974 2974 1161 3048 divinorum
1178 2975 1311 3049 illorum

153 3111 361 3206 antiquitatis
388 3110 596 3208 ingeniorum
622 3110 857 3204 praestantiam
883 3112 1106 3184 admirandam
1129 3113 1313 3209 suspicien-

155 3249 295 3342 damquc
314 3271 387 3319 sese
406 3247 580 3342 erigerent.
634 3245 690 3318 Sic
705 3247 790 3318 enim
810 3250 991 3342 sperabam,
1018 3248 1101 3339 lore,
1121 3255 1158 3320 ut
1174 3249 1312 3322 iuvenes

156 3410 223 3457 non
251 3384 360 3457 solum
384 3384 570 3456 uberrimos
598 3382 640 3455 ad
666 3383 790 3478 ingenii
817 3384 980 3477 animique
1004 3385 1126 3456 cultum
1159 3391 1312 3478 caperent

155 3522 302 3611 fructus,
336 3522 587 3610 verumetiam,
620 3543 716 3612 quem
737 3519 796 3591 lae
815 3520 1022 3592 institutione
1043 3517 1159 3589 intimo
1180 3524 1311 3613 pectore

157 3658 390 3730 combibissent
402 3663 551 3730 veterum
566 3657 765 3752 scriptorum
781 3678 936 3744 amorem,
950 3654 1064 3725 eodem
1078 3678 1138 3749 per
1152 3654 1311 3746 reliquam

156 3796 256 3868 etiam
275 3800 412 3866 aetatem
437 3794 605 3889 percussi,
640 3791 851 3865 humanitatis
871 3798 904 3862 ct
931 3791 1168 3886 elegantiarum
1185 3791 1313 3862 littera-

159 3956 232 4005 rum
258 3931 369 4003 studia
388 3930 532 4001 colerent
560 3951 735 4023 earumque
761 3928 871 4000 lumen
892 3929 934 4000 ad
959 3927 1040 4001 alias
1063 3927 1251 4022 disciplinas
1277 3950 1314 3998 ao

161 4069 327 4139 doctrinas
359 4066 430 4138 sive
457 4066 638 4138 accuratius
665 4066 919 4162 perscrutandas
953 4064 1024 4138 sive
1050 4063 1147 4136 etiam
1176 4063 1313 4136 clariore

163 4204 231 4275 luce
256 4203 472 4275 illustrandas
496 4202 699 4274 adhiberent.

259 4340 375 4431 ltaque
389 4339 454 4411 iam
469 4341 525 4411 diu
537 4339 572 4410 in
587 4340 707 4435 optatis
720 4339 793 4429 luit,
810 4345 847 4411 ut
862 4340 986 4412 veteris
1001 4337 1173 4431 scriptoris
1184 4337 1314 4423 librum,

164 4499 238 4547 eura
254 4499 327 4547 xnea
343 4477 565 4567 illustratum,
599 4476 785 4571 speciminis
801 4476 873 4546 loeo
891 4476 1038 4561 ederem,
1074 4496 1138 4565 quo
1157 4472 1216 4544 tibi
1234 4496 1314 4568 pro·

167 4613 292 4701 tareni,
319 4636 415 4704 quam
431 4613 467 4685 in
485 4612 697 4708 explanandis
711 4618 860 4685 velerum
882 4611 1078 4706 scriptorum
1095 4610 1315 4681 monumentis

167 4748 350 4821 insisterem
376 4749 539 4821 rationem
566 4755 661 4841 alque
682 4748 779 4820 viam
831 4747 906 4819 Alia
934 4754 1030 4839 atque
1058 4746 1121 4819 alia
1145 4746 1315 4842 agitabam,

168 4884 257 4977 plura
273 4885 482 4977 inchoatam
509 4885 616 4956 omnia
632 4891 740 4956 lamen
759 4883 906 4957 inelroala
924 4883 1060 4977 reliqui,
1094 4884 1182 4973 sive,
1216 4889 1253 4954 ut
1267 4883 1316 4969 lit,

171 5023 252 5112 quod
277 5022 367 5095 nulla
389 5020 470 5093 milri
492 5028 605 5117 coepta
632 5020 827 5117 profligandi
853 5028 886 5092 el
911 5022 951 5092 ad
975 5021 1096 5092 exilum
1120 5014 1316 5112 perdocendi
1375 5112 1378 5117 .
