2888 5512
147 685 213 753 400
569 690 909 755 ursnnv.s,1o.1s.

148 838 252 883 errore
269 816 343 881 alios
358 816 526 879 levaremus
540 823 571 874 ct
583 813 613 875 in
627 813 707 877 omni
724 810 940 895 disputatione,
964 808 1033 891 quid
1048 819 1131 871 esset
1146 808 1316 875 simillium

147 926 228 1002 vari,
253 945 475 1009 quaereremus.
522 920 618 1003 Quem
638 942 749 983 morem
775 941 864 1002 quum
883 915 1056 981 Carneades
1079 918 1251 981 acutissime
1273 938 1317 983 oo·

147 1036 371 1121 piusissioseque
398 1033 559 1109 tenuisset,
590 1031 713 1093 fecimus
738 1040 768 1091 et
784 1029 858 1091 alias
882 1048 971 1111 saepe
992 1038 1023 1089 et
1040 1048 1137 1110 nuper
1159 1028 1190 1089 in
1210 1026 1315 1091 Tuscu·

147 1147 226 1224 lano,
252 1155 283 1206 nt
299 1145 335 1205 ad
353 1164 418 1205 eam
434 1140 676 1204 consuetudinem
692 1139 919 1222 disputaremus.
965 1134 1006 1198 Et
1019 1137 1193 1219 quatridui⁸
1210 1138 1312 1220 quiden

147 1275 315 1319 sermonem
339 1250 540 1334 superioribus
573 1250 609 1310 ad
641 1259 669 1310 tc
702 1248 896 1331 perscriptum
924 1246 1006 1309 libris
1040 1246 1193 1326 misimus3
1224 1246 1311 1330 quieto

147 1374 244 1427 autern
261 1363 326 1439 die,
350 1382 437 1443 quum
453 1360 556 1433 eodem
572 1359 624 1420 in⁹
644 1358 710 1419 loco
725 1357 981 1434 consedissemus,
1007 1356 1050 1419 sic
1066 1366 1113 1419 est
1130 1357 1309 1441 propositam,

149 1474 186 1535 de
208 1474 267 1555 qtffl
289 1471 515 1554 disputaremus.

234 1579 274 1645 V.
301 1589 352 1643 tu.
376 1579 416 1641 A.
440 1576 510 1640 Non
535 1577 605 1640 mibi
630 1576 765 1654 videtur,
795 1576 831 1638 ad
852 1574 938 1638 beate
960 1574 1121 1639 vivendum
1142 1576 1216 1639 satis
1236 1594 1311 1659 posse

148 1692 298 1753 virtutem.
346 1688 394 1750 M.
418 1687 461 1749 At
482 1687 601 1750 hercule
621 1683 716 1749 Bruto
733 1706 799 1749 meo
823 1686 958 1762 videtur,
989 1684 1074 1747 cuius
1093 1704 1152 1768 ego
1174 1684 1311 1761 iudiciuin,

146 1818 218 1885 pace
243 1808 292 1859 tua
316 1796 462 1873 dixerim,
494 1797 583 1879 louge
611 1806 759 1881 antepono
785 1805 849 1858 tuo.
894 1795 935 1856 A.
960 1791 1033 1857 Non
1061 1794 1182 1874 dubito,
1213 1815 1265 1858 nec
1285 1794 1310 1857 id
1348 1880 1350 1889 Ι

146 1928 223 1970 nuuc
239 1907 354 1989 agitur,
384 1918 415 1968 tu
435 1906 515 1969 illurn
532 1915 672 1988 quantum
690 1924 791 1983 ames,
821 1904 874 1967 sed
890 1904 990 1981 boc¹,
1020 1904 1099 1986 quod
1115 1904 1188 1967 mibi
1203 1902 1312 1969 dixiri-
1347 1950 1350 1965 .

146 2015 221 2092 deri,
240 2015 325 2097 quale
342 2015 399 2077 sit:
423 2015 460 2076 de
473 2016 559 2096 quo²
577 2034 594 2077 a
610 2024 640 2075 te
659 2014 803 2097 disputari
820 2014 901 2076 volo.
949 2012 997 2076 Μ.
1021 2012 1141 2098 Nempe
1158 2034 1258 2097 negas,
1279 2013 1313 2075 ad

145 2125 231 2187 beate
247 2123 405 2187 vivendum
426 2122 777 2204 satisposserirtuteml
812 2123 852 2184 A.
876 2120 1006 2185 Prorsus
1019 2144 1110 2207 nego.
1150 2121 1196 2187 M.
1218 2118 1311 2202 Quid?
1347 2114 1350 2167 ἶ

145 2233 296 2308 adnecte,
321 2230 463 2307 honeste,
487 2229 687 2308 laudabiliter,
717 2240 868 2315 postremo
885 2231 921 2293 ad
940 2231 1016 2295 bene
1034 2232 1193 2296 vivendum
1209 2231 1312 2295 sabroe

146 2351 193 2405 est
213 2341 366 2426 praesidi⁸
386 2340 416 2403 in
434 2340 565 2403 virtute?
608 2341 649 2402 A.
675 2335 767 2402 Certe
783 2340 868 2403 satis.
915 2340 965 2404 M.
987 2338 1082 2404 Potes
1101 2341 1192 2424 igitur
1205 2350 1252 2405 aut
1266 2340 1312 2423 qui

146 2450 222 2513 male
241 2452 339 2529 vivat,
365 2471 423 2512 nun
442 2470 509 2513 eum
526 2449 803 2527 misarumdicere,
834 2459 887 2511 aut
900 2471 985 2532 quem
999 2451 1078 2513 bene
1094 2452 1225 2529 fateare,
1251 2470 1311 2513 eun
1348 2464 1350 2497 ³

146 2580 257 2641 negare
280 2560 367 2621 beate
389 2560 513 2621 vireret
555 2559 595 2619 Α.
617 2554 727 2637 Quidni
755 2558 884 2642 possim?
913 2580 979 2621 nam
1003 2559 1092 2623 etiarn
1121 2560 1153 2623 in
1173 2559 1311 2624 tormentis

146 2677 246 2744 rer-te,
261 2667 413 2749 bunede,
437 2665 622 2728 laudabiliter
641 2676 671 2728 at
689 2666 726 2727 ob
746 2686 811 2729 cam
832 2687 895 2729 rem
918 2667 994 2731 bene
1015 2670 1076 2733 siri
1098 2674 1215 2754 potest,
1242 2670 1310 2733 dun·

145 2775 232 2837 modo
248 2775 414 2857 intelligas,
439 2774 507 2858 qnid
524 2797 601 2837 nnnc
616 2775 710 2837 dicam
726 2775 814 2839 bene.
859 2774 937 2839 Dico
951 2778 1028 2840 enim
1045 2791 1234 2857 constanter,
1255 2799 1311 2863 gra·

146 2883 235 2963 viter,
257 2883 420 2968 sapienter,
441 2884 570 2948 sortiter.
604 2892 657 2949 ta.
674 2883 759 2947 llaec
770 2885 859 2950 etiarn
871 2887 900 2948 in
915 2886 1073 2949 eculeum⁴
1089 2889 1309 2965 coritictmtm‘,

213 3074 231 3126 8
247 3078 290 3127 Tr.
306 3095 336 3126 ex
353 3078 382 3126 ll.
399 3079 426 3129 Ρ.
444 3077 511 3128 God.
523 3077 544 3127 l.
559 3081 697 3141 quadridui.
732 3079 762 3127 V.
779 3078 812 3127 ad
828 3080 869 3128 lV.
887 3076 930 3139 38,
947 3077 989 3131 82.
1023 3075 1041 3129 9
1058 3082 1124 3132 Tres
1139 3084 1201 3133 011.
1213 3081 1274 3131 Gud.
1284 3081 1309 3130 ll.

148 3141 205 3192 edd.
225 3144 305 3191 Gebh.
324 3145 402 3192 Gron.
422 3145 498 3194 Verb.
514 3161 563 3193 om.
580 3150 613 3195 ia.
650 3147 680 3194 V.
709 3145 721 3194 1
741 3147 799 3195 Vat.
818 3147 922 3197 ll.Gud.
935 3147 956 3196 l.
972 3159 998 3196 et
1011 3149 1100 3214 reliqui
1115 3149 1226 3217 plerique
1236 3149 1309 3199 seddi

144 3210 201 3259 boc:
227 3207 277 3257 hoc
293 3212 322 3257 de
346 3209 419 3257 facile
441 3227 471 3259 ex
491 3213 533 3260 sed
555 3211 615 3259 oriri
631 3212 731 3277 potuit,
757 3213 903 3278 praesertim
924 3231 1000 3280 quum
1025 3216 1191 3282 subsequatur
1211 3218 1245 3265 de
1263 3228 1308 3277 qttt·
1323 3270 1333 3283 ι

143 3271 280 3328 aenda.
296 3286 322 3324 et
340 3276 451 3325 nonnull.
471 3276 529 3325 edd.
544 3287 604 3327 vett.
623 3281 652 3327 de
666 3294 708 3327 eo:
736 3280 804 3345 quod
819 3281 850 3329 ab
866 3280 895 3328 iis
909 3281 1005 3330 illatum
1022 3292 1077 3342 est,
1101 3283 1145 3348 qui
1161 3299 1210 3333 nou
1224 3280 1306 3331 intelli·

161 3342 252 3401 ebant,
278 3342 310 3392 nd
332 3342 408 3393 rerba
423 3346 464 3393 scd
485 3345 528 3392 boc
551 3344 716 3409 repetendum
734 3363 788 3396 esse
805 3352 891 3410 opitur.
928 3348 1010 3398 Verba
1025 3352 1056 3399 de
1073 3366 1121 3412 quo
1135 3356 1226 3399 suntet
1240 3350 1306 3399 dcto·

144 3359 162 3461 d
179 3411 220 3460 Sic
236 3410 265 3461 ll.
276 3412 301 3460 Ρ.
312 3409 408 3459 Gudl.
425 3421 496 3460 etex
513 3407 643 3463 edd-vett.
660 3413 708 3471 l).;
728 3416 769 3463 Or.
779 3432 799 3463 c.
811 3414 875 3479 vulg.
891 3418 1014 3475 praesidii.
1049 3418 1066 3466 4
1083 3416 1162 3467 Siclt
1174 3418 1200 3466 Ρ.
1216 3412 1306 3465 bloml·

146 3478 227 3527 Marb.
247 3478 331 3528 Doisb.
350 3488 376 3527 et
391 3477 430 3527 ed.
450 3478 495 3533 [λς
515 3476 604 3526 eodem
620 3477 689 3528 ducit
705 3484 814 3530 eculeum
829 3481 853 3528 in
870 3480 944 3530 Viud.
962 3483 998 3539 l.;
1015 3484 1058 3533 Or.
1074 3500 1095 3533 c.
1111 3482 1178 3549 vulg.
1192 3484 1305 3547 φύσει

143 3545 160 3595 5
178 3546 259 3595 Marb.
276 3545 361 3595 Duisb.
376 3549 522 3596 coniciuntur
527 3561 536 3607 ,¹
554 3546 598 3596 Tr.
614 3550 744 3597 coiciuntur
757 3564 788 3597 ex
806 3548 851 3608 ll.,
869 3548 910 3615 qui
925 3548 1002 3599 babet
1018 3555 1154 3602 cordurum.

143 3658 215 3707 tandi
233 3678 303 3711 more
316 3662 338 3711 si
354 3679 506 3729 cognoscere
523 3663 606 3729 cupis,
630 3680 654 3713 r.
671 3679 718 3712 nos
744 3662 833 3730 §.lbb
848 3680 873 3731 p.
883 3661 942 3719 427.
962 3664 1002 3715 Cf.
1019 3682 1067 3716 nos
1082 3666 1108 3717 in
1126 3667 1172 3718 Gr.
1185 3668 1216 3718 Is.
1229 3661 1305 3736 lm·

143 3724 169 3773 iu
193 3724 259 3776 libro
286 3728 310 3777 d.
334 3732 364 3779 dc
384 3734 487 3780 ciceron.
512 3732 538 3779 io
559 3732 619 3792 pbil.
642 3734 718 3782 merit.
743 3730 805 3780 Not.
821 3734 843 3783 l.

143 3806 169 3856 p·
185 3789 307 3846 ota-71.
793 3813 852 3860 poce
866 3804 908 3848 tuo
921 3798 1035 3867 dixerim]
1052 3800 1221 3869 „Estelegnns
1235 3800 1305 3851 toan

192 3860 290 3918 fecimus
300 3890 343 3923 -‚
360 3868 385 3911 ut
400 3865 586 3927 disputaremus]
605 3865 653 3914 Per
667 3863 718 3913 cir-
743 3865 862 3931 precandi
874 3882 904 3915 ve
924 3866 930 3877 “
973 3866 1015 3929 ¹in
1030 3867 1157 3929 dissensu,
1174 3877 1303 3948 quum

142 3925 359 3987 cumlocutionem,
377 3929 504 3979 Ciceronis
517 3931 542 3979 in
557 3931 642 3996 primis
656 3948 718 3997 pro-
744 3943 816 3983 caute
831 3882 991 4051 mend}

174 3987 180 3998 .
991 3942 1013 3994 t,
1030 3952 1078 3986 nec
1092 3934 1193 3985 nisiubt
1204 3928 1303 3984 serioab

142 4004 236 4054 prtum,
259 4008 306 4054 pro
323 3995 444 4058 simplici:
469 3998 652 4058 disputom'mus.
687 4000 718 4047 V.
742 3998 827 4064 aliquo
845 4000 895 4048 diss
963 4002 1038 4061 'us,“
1065 4002 1101 4051 oti
1126 4000 1199 4053 docet
1215 4002 1304 4061 ll'ultea·

142 4069 188 4103 nos
202 4055 229 4103 in
246 4056 290 4104 Gr.
307 4058 337 4106 L.
356 4063 378 4173 q
393 4062 449 4109 14⁴2.
464 4062 526 4113 Not.
537 4066 559 4115 1.
577 4090 611 4102 -
637 4068 718 4116 cedern
743 4069 840 4117 baebius
859 4067 891 4116 ad
908 4066 987 4117 Cicer.
1006 4068 1040 4117 de
1057 4070 1190 4211 [effigi.
1208 4066 1250 4129 12,
1265 4062 1303 4116 29.

141 4125 167 4172 iri
182 4124 248 4184 leco,
266 4138 289 4170 v.
308 4123 338 4171 ll.

194 4188 253 4239 Car.
269 4189 300 4239 V.
325 4189 347 4255 d.
366 4188 405 4239 12.
440 4192 567 4257 virtulem]
593 4192 716 4245 Lambino
742 4198 774 4247 de
790 4200 862 4250 Ollic.
880 4202 930 4259 lll,
950 4203 990 4251 10.
1026 4206 1100 4253 dieser
1112 4196 1226 4251 sddrtde
1242 4196 1302 4247 Fato

140 4255 256 4323 placebat
282 4260 364 4307 ulnus.
406 4260 440 4305 At
465 4255 529 4306 nihil
554 4259 716 4319 mutandum
742 4263 774 4324 3,
790 4267 821 4315 5:
850 4267 971 4333 quaedam
987 4270 1066 4320 etiam
1078 4267 1219 4319 Posidonius
1235 4266 1304 4333 (pust

139 4328 232 4376 videtur
245 4324 311 4375 cutim
326 4340 503 4391 nonnunquam
517 4324 717 4392 impersonaliter
741 4337 850 4395 muqtstrr'
866 4335 978 4397 dixerim)
998 4336 1152 4387 comminisci
1166 4334 1268 4387 ridetur.

140 4393 255 4453 ponitur,
275 4393 311 4442 uti
325 4396 419 4455 dicitur,
437 4394 548 4455 truditur,
565 4398 638 4457 fertur
655 4405 715 4447 cett.
793 4404 879 4463 Nempe
895 4406 1000 4468 oeposl]
1028 4404 1090 4454 Cum
1106 4404 1185 4456 ironia
1200 4399 1302 4472 quodn-

139 4464 165 4503 et
181 4459 247 4522 apud
264 4461 373 4511 Graecus
388 4465 474 4525 δοκεῖ,
491 4459 601 4525 λέγεται,
617 4464 715 4514 similia.
739 4468 807 4517 Nicbt
820 4471 908 4518 maur?
927 4473 960 4519 du
975 4474 1132 4535 bebnnplest?
1165 4471 1207 4523 sic
1218 4466 1302 4547 αφ’·-

139 4520 167 4568 ῐιι
185 4524 266 4573 verbis
288 4531 382 4578 uidetur
397 4532 456 4579 mibi
476 4526 540 4578 latet
558 4531 628 4580 notio
646 4532 713 4581 iudi·
739 4533 800 4583 sime
824 4550 906 4598 nempe
931 4536 957 4585 in
983 4539 1183 4605 interrogatione
1205 4542 1301 4607 ΜΝ,

139 4587 227 4665 capdi,
253 4594 386 4644 sentiendi.
423 4596 461 4646 Cl'.
487 4594 553 4645 inira
576 4614 597 4648 c.
614 4598 647 4656 8,
664 4599 712 4649 ¹22:
738 4600 779 4650 nbi
796 4602 849 4668 quis
864 4603 928 4653 scire
945 4607 1029 4672 cupit,
1047 4606 1228 4657 intellexerim
1240 4610 1302 4653 tecle

138 4652 180 4703 uba
195 4664 298 4721 utraque
313 4668 437 4711 structura
451 4663 583 4712 invenitur.
612 4667 713 4715 Orellius
737 4668 837 4717 alterius
855 4671 941 4735 verba,
958 4683 1002 4722 aut
1017 4672 1060 4722 nbi
1076 4673 1132 4740 quis
1151 4674 1249 4725 altem
1262 4684 1304 4719 θὶ-

138 4720 238 4771 confert
252 4721 335 4772 Dirirf.
350 4726 369 4773 l.
385 4724 463 4785 Ml:
482 4729 560 4778 risum
575 4729 650 4779 estin
666 4748 711 4779 so-
737 4734 812 4796 citat,
840 4746 867 4785 ut
892 4738 1016 4801 fateatur,
1045 4756 1099 4789 rem
1123 4740 1229 4809 aliqum
1243 4745 1305 4801 ῐθᾰθ,

407 4124 432 4174 ⁹·
743 4150 768 4197 p.
784 4132 842 4184 aaa
861 4134 901 4182 cr.
926 4134 1033 4185 isuram
1060 4136 1091 4187 a.
1199 4134 1247 4191 ru,
1265 4128 1302 4181 rs.

136 4786 200 4836 mnis
222 4798 347 4903 pastorem
363 4790 395 4839 ud
412 4809 453 4843 me
467 4794 602 4859 appellere.
639 4795 711 4848 Plura
736 4800 777 4849 vel
792 4800 946 4855 intellectum
962 4806 1002 4857 rel
1018 4806 1115 4865 factem
1133 4826 1197 4871 esse,
1212 4802 1306 4859 ren&
1331 4826 1334 4833 ·

135 4869 249 4921 exempn
276 4858 401 4923 congessit
426 4862 455 4909 G.
476 4863 501 4910 T.
520 4862 548 4911 l.
566 4863 660 4926 Krtper
685 4864 711 4917 in
736 4866 869 4946 rehabere
886 4884 978 4939 sponte
999 4884 1096 4940 patere.
1134 4877 1204 4927 Brut.
1218 4874 1250 4937 3,
1268 4868 1305 4925 lb=

135 4921 302 4991 Untersnchg.
329 4942 353 4977 a.
376 4925 401 4977 d.
427 4926 483 4977 Lat.
507 4926 550 4978 Gr.
575 4929 618 4981 lll.
638 4930 710 4983 Hert.
736 4935 801 4984 Tum
815 4934 871 4986 ulle:
892 4942 978 5003 Nempe
993 4957 1052 4991 euna
1065 4940 1142 5010 dicis,
1159 4941 1251 5011 inquit,
1265 4952 1307 5009 q·

1342 2514 1350 2643 l
