2888 5512
134 682 200 741 vra
399 690 403 697 ·
560 690 722 739 uersuons
740 690 892 739 ΕυιΤυιυθΙ

137 833 291 929 imposita
307 835 379 902 erat
394 828 591 918 necessitas,
625 828 695 902 sive
715 829 802 921 qaod
819 852 948 924 semper
971 828 1041 900 lere
1057 834 1109 900 tot
1127 830 1295 902 districtas

139 993 229 1042 eram
248 967 391 1063 negotiis
411 963 634 1053 scholasticis,
667 971 704 1036 ut
729 988 844 1059 parum
862 972 1053 1060 suppeteret
1080 965 1141 1037 otii
1160 964 1297 1059 conqui-

140 1105 253 1178 rendis
278 1104 325 1175 eis
350 1102 506 1174 subsidiis
528 1107 562 1172 et
587 1101 835 1191 immimentis,
870 1126 952 1195 quae
970 1103 1012 1173 ad
1035 1101 1211 1196 scriptoris
1233 1124 1318 1175 non·

141 1243 236 1338 plane
262 1240 432 1335 vulgarem
454 1237 629 1310 editionem
654 1237 781 1330 requiri
799 1238 1002 1311 riderentur.
1055 1238 1198 1327 l'ereun,
1234 1260 1297 1311 uno

141 1378 281 1474 amplius
306 1382 418 1447 exacto
433 1400 539 1465 anno,
574 1374 849 1463 aFrommanno,
876 1376 949 1448 viro
964 1374 1220 1464 honestissimo,
1245 1398 1300 1447 ro-
1322 1389 1328 1421 '-

141 1540 220 1611 gor,
244 1520 300 1601 ut,
327 1535 426 1605 quarm
443 1511 610 1583 divendita
628 1517 739 1583 essent
754 1509 923 1584 ciceronis
940 1512 1203 1584 Tusculanarum
1220 1510 1298 1583 Itis-

141 1650 360 1747 putationum,
386 1648 535 1720 aal‘eidio
551 1648 809 1738 illustratarmn,
836 1649 1043 1743 erenrplaria,
1070 1648 1299 1747 eiusdem'edi-

141 1786 243 1860 tionis
262 1786 458 1880 repetendae
475 1785 511 1857 in
533 1808 584 1856 me
602 1786 782 1880 reciperem
801 1808 921 1858 curam.
975 1784 1080 1877 Qaram
1097 1784 1301 1879 provinciam

143 1925 214 1996 sine
234 1924 300 1993 ulla
325 1922 530 1992 recusatione
555 1926 588 1991 et
609 1920 883 2013 tergiversatione
909 1921 1152 2015 suscipiendam
1176 1920 1300 2016 putati,

145 2060 233 2152 quod
249 2056 282 2127 hi
297 2056 362 2149 ipsi
378 2055 472 2143 libri,
503 2054 600 2125 simul
619 2062 656 2125 ut
673 2078 731 2125 eos
754 2057 953 2149 primoribus
974 2062 1101 2127 lantum
1121 2058 1225 2129 labris
1245 2060 1301 2129 de-

145 2194 381 2289 gustarissem,
414 2196 448 2261 et
472 2192 657 2285 aregiamenti
682 2192 843 2286 gnaritate
877 2199 910 2263 et
938 2193 1176 2265 sententiarum
1203 2196 1301 2267 uber-

145 2338 211 2402 tate
238 2336 271 2400 et.
295 2328 424 2399 dicendi
445 2350 584 2423 genere,
620 2351 686 2400 non
712 2326 824 2399 limato
850 2329 907 2400 illo
938 2330 1069 2422 quidem
1092 2336 1126 2401 et
1152 2331 1302 2403 ominbus

146 2466 292 2539 numeris
316 2466 486 2555 absoluto,
522 2465 581 2536 sed
599 2463 686 2535 sacili
703 2487 740 2535 ac
759 2463 918 2555 iucundo,
953 2467 999 2538 ila
1028 2490 1078 2537 me
1101 2466 1303 2559 allexissent,
1335 2516 1339 2591 p

145 2611 201 2690 ut,
234 2601 373 2695 repetita
396 2601 694 2696 eispe1·vesl-igatis
713 2601 871 2691 lectione,
905 2604 968 2674 iam
989 2604 1024 2674 in
1044 2604 1206 2674 academia
1226 2603 1304 2677 midi
1332 2614 1339 2680 t

147 2745 278 2809 versato
299 2760 412 2807 eorsum
432 2737 586 2807 editionis
607 2738 781 2829 aliquando
795 2741 958 2833 parandae
972 2746 1162 2811 nasceretur
1179 2740 1304 2836 cogita-
1336 2692 1339 2743 t

144 2874 204 2946 tio.
257 2872 365 2964 Quare
380 2872 500 2944 lacteam
519 2880 587 2962 est,
620 2880 675 2961 ut,
710 2897 809 2965 (perram
825 2898 912 2946 rraanc
935 2876 975 2947 ad
993 2878 1123 2948 easdem
1142 2875 1305 2950 Tuscula-

146 3034 206 3082 nas
225 3010 440 3081 illustrandas
460 3034 511 3080 me
538 3008 758 3103 accingerent,
793 3033 861 3080 non
884 3011 979 3103 plane
1004 3012 1185 3107 imparatus
1201 3014 1246 3085 ad
1268 3014 1303 3085 id

146 3146 314 3239 negotium
331 3146 528 3234 accederem,
542 3145 748 3241 praesertim,
769 3170 868 3237 eperum
879 3147 942 3218 iam
958 3149 1155 3243 erlongiore
1170 3156 1300 3245 tempo·

144 3284 193 3357 ris
210 3283 316 3379 spatio
335 3282 487 3354 interiori
504 3282 630 3353 cuidam
646 3282 850 3354 ciceroniani
866 3286 1028 3355 sermonis
1047 3292 1143 3377 atque
1161 3309 1302 3359 consue·

144 3421 268 3492 tudinis
282 3418 460 3515 cognitioni
476 3419 711 3514 eorrrparandae
726 3420 841 3492 sedulo
857 3444 988 3515 operam
1005 3421 1178 3492 dedissem.
1233 3422 1301 3496 Sed

142 3557 271 3627 tametsi
287 3580 355 3629 non
370 3556 566 3627 mediocrem
581 3580 631 3627 me
647 3580 757 3628 curam
772 3581 970 3651 operamque
986 3559 1021 3629 in
1039 3558 1300 3631 Tusculanarum

144 3691 357 3783 explicatione
379 3692 554 3764 collocasse
580 3693 682 3764 libere
709 3694 859 3789 profiteri
884 3718 982 3789 posse
1004 3696 1138 3787 videor3
1171 3702 1301 3767 tantum

142 3831 253 3897 tamen
272 3827 382 3917 abest,
416 3835 453 3899 ut
476 3829 624 3921 part-ibus
651 3830 811 3921 susceptis
839 3852 1071 3921 usquequaque
1099 3831 1300 3905 satisfecisse

142 3984 193 4031 me
213 3967 344 4055 putem,
369 3970 407 4032 nt
424 3986 491 4032 non
509 3962 580 4033 sine
601 3984 717 4056 magna
734 3963 872 4053 quadam
887 3963 986 4034 animi
1002 3966 1221 4039 sollicitudine
1238 3948 1301 4043 lroc¹

143 4097 325 4191 specimen,
359 4098 393 4168 in
411 4121 475 4189 qno
500 4098 642 4191 primum
660 4121 679 4168 a
698 4121 749 4168 me
773 4098 895 4171 veteris
921 4101 1093 4196 scriptoris
1115 4104 1298 4198 explicandi

142 4241 175 4305 et
190 4234 231 4305 ad
247 4234 391 4305 criticam
410 4234 559 4328 exigendi
574 4233 759 4306 factumest
774 4235 972 4329 periculum,
999 4239 1156 4311 acerrimo
1173 4247 1230 4313 tuo
1246 4244 1300 4315 iu-

142 4370 225 4441 dicio
247 4370 434 4461 subiiciam3
461 4396 646 4463 quanquam
662 4396 779 4465 spero,
804 4372 888 4462 lore,
913 4380 967 4463 ut,
995 4399 1075 4467 quae
1093 4382 1150 4447 tua
1168 4384 1219 4449 est
1235 4378 1301 4451 lm-

142 4506 294 4596 manitas,
320 4505 405 4577 haenc
421 4506 579 4598 libellum,
605 4515 759 4601 tanquam
776 4510 860 4604 grati
875 4510 975 4582 animi
991 4511 1123 4607 pignus,
1147 4537 1214 4585 non
1231 4520 1300 4588 tane

141 4640 240 4733 pretii
268 4642 512 4736 nrafflritudine,
546 4666 643 4735 quam
660 4668 677 4715 e
696 4669 759 4738 qua
783 4644 878 4717 fluxit
894 4647 1013 4719 mentis
1039 4649 1207 4721 voluntate
1224 4673 1297 4722 me-

141 4775 224 4847 tiare
251 4784 348 4870 atque
376 4778 543 4851 diiudices.
