2888 5512
237 708 301 775 m
656 716 1009 779 mwwemm

240 851 291 905 ts.
316 839 447 924 Itemque
465 861 553 923 quum
573 840 797 914 ita‘ruovemnr,
821 847 853 901 ut
872 836 902 897 iu
919 835 998 897 bono
1013 834 1105 897 simus
1120 834 1237 917 aliquo,
1264 835 1416 918 dupliciter

238 954 264 1014 id
284 951 438 1033 contingit.
483 948 562 1012 Nam
582 970 669 1031 quum
688 947 804 1010 ratione
820 946 936 1008 animus
957 954 1093 1007 movetur
1112 945 1225 1028 placide
1244 956 1335 1028 atque
1351 968 1413 1008 eon-

237 1071 367 1138 stauter,
397 1070 459 1123 tum
478 1059 547 1121 illud
569 1058 725 1142 posidium
749 1056 872 1134 dieitur3
903 1076 991 1138 quum
1009 1065 1106 1117 autern
1125 1054 1255 1116 inaniter
1273 1066 1305 1116 et
1325 1056 1411 1118 effuse

237 1170 351 1233 animus
378 1170 527 1245 exsultet,
561 1178 622 1231 tum
642 1168 690 1230 illo
715 1168 844 1230 laetitio
863 1167 1005 1248 peslieras
1030 1164 1079 1227 vel
1101 1166 1203 1227 nimio
1224 1165 1282 1227 diei
1309 1177 1410 1248 potest,

237 1303 322 1364 spiram
348 1279 388 1342 ita
409 1279 567 1341 deliniuntz
598 1277 662 1339 sine
687 1277 802 1339 ratione
828 1274 919 1337 enimi
942 1274 1112 1337 eletionem.
1162 1271 1373 1360 Quoniamque
1385 1287 1412 1338 ut

237 1391 312 1452 burin
331 1399 435 1452 ustura
458 1389 639 1472 appetimus,
663 1388 707 1449 sie
723 1410 741 1449 a
758 1387 841 1448 mulis
868 1394 972 1447 natura
997 1384 1197 1459 declinamus,
1229 1406 1308 1467 qnae
1329 1386 1411 1448 deeli-

237 1501 336 1576 uatio,
361 1500 412 1562 si⁶
433 1520 497 1561 oum
515 1498 629 1560 ratione
648 1499 712 1574 liet,
737 1498 847 1559 erraelio
862 1495 1042 1579 appelletur,
1072 1515 1166 1577 eaque
1185 1495 1366 1578 intelligatur
1383 1496 1409 1557 iu

237 1611 302 1672 solo
320 1630 387 1671 esse
403 1609 552 1693 rapiente,
578 1628 652 1691 queo
667 1618 765 1669 autem
782 1606 847 1669 siue
865 1605 980 1667 ratione
997 1615 1027 1666 et
1045 1625 1109 1666 uum
1124 1605 1351 1667 exariimetione
1368 1606 1413 1667 ltu·

237 1720 296 1782 mili
317 1730 403 1802 atque
424 1720 535 1794 fractu,
560 1719 730 1780 nominetur
745 1726 859 1793 metus;
884 1726 929 1778 est
947 1713 1037 1796 igitur
1049 1721 1180 1777 melissa
1198 1716 1317 1777 ratione
1333 1736 1413 1777 arer-

237 1834 295 1890 snf
312 1829 422 1891 enutio.
470 1838 520 1893 tt.
545 1824 719 1891 Praesentis
733 1836 831 1889 eutem
847 1824 915 1887 meli
932 1823 1099 1906 sepientis⁸
1118 1824 1239 1886 allectio
1257 1825 1334 1887 nulle
1350 1835 1407 1902 este

238 1939 349 2001 stulte⁹
367 1949 465 2001 etitem
481 1937 638 2021 aegritudo
651 1946 715 2015 est,
738 1954 792 2015 eu,
816 1956 873 2017 qua
888 1933 1052 1996 afficiuntur
1066 1933 1094 1994 in
1110 1933 1195 1995 unalis
1211 1934 1341 2018 opinatis
1355 1933 1410 1997 ani·

238 2069 360 2132 mosque
380 2049 536 2111 demittunt
557 2057 588 2109 et
605 2044 781 2109 eontraltunt
804 2044 912 2107 retinui
930 2064 989 2105 uon
1012 2043 1265 2127 obtemperantes.
1315 2042 1409 2128 ltaque

303 2204 320 2256 'i
338 2207 380 2255 Sic
396 2210 437 2259 Or.
455 2224 477 2256 e.
495 2206 606 2256 cod.Gr.
617 2215 644 2255 et
659 2206 689 2254 L.
710 2223 724 2255 e
741 2204 810 2255 libris
828 2213 900 2264 vett,
919 2203 953 2252 cl.
969 2220 990 2253 c.
1000 2198 1025 2262 6,
1049 2202 1089 2252 ll.
1105 2201 1175 2259 etl.
1195 2199 1254 2262 47.;
1275 2204 1409 2254 R·P.Gnd.

240 2275 261 2323 l.
281 2276 313 2322 ll.
331 2283 383 2323 tres
399 2274 457 2323 Pall.
476 2273 542 2322 Med.
562 2272 620 2323 unt.
638 2272 712 2322 Viml.
731 2273 751 2322 l.
770 2274 839 2321 Mon.
854 2269 878 2320 2.
896 2287 959 2320 nnus
977 2273 1022 2322 Ox.
1040 2274 1131 2320 rollone
1146 2286 1233 2320 everso
1251 2272 1355 2339 (omisso
1369 2272 1408 2337 u)z

237 2341 304 2407 qnod
319 2341 415 2407 recepit
431 2343 475 2397 De
493 2341 534 2391 ulii
550 2339 625 2391 codd.
639 2349 666 2391 et
679 2339 738 2389 edd.
757 2350 819 2389 vett.
836 2341 926 2389 rollone
938 2340 1056 2399 aduerso,
1074 2349 1100 2387 ut
1116 2338 1205 2405 3.13.;
1227 2339 1285 2389 cod.
1303 2339 1353 2389 Col.
1365 2339 1406 2388 eli-

237 2418 298 2475 quot
314 2411 375 2458 011.
395 2418 422 2458 et
439 2408 550 2458 nonnull.
566 2406 624 2457 edd.
638 2417 701 2457 vett.
717 2411 804 2458 rationi
821 2409 933 2467 aduerso,
950 2414 977 2453 nt
993 2405 1019 2477 3..
1027 2405 1081 2456 13.;
1100 2404 1156 2455 cod.
1171 2406 1225 2455 Col.
1242 2406 1277 2456 ali
1296 2418 1340 2455 not
1352 2409 1407 2455 011.

236 2487 263 2587 tep
278 2476 392 2526 nonnull.
408 2475 466 2525 edd.
477 2486 538 2526 vett.
554 2478 642 2526 sellom
656 2478 766 2525 oduerso.
801 2472 819 2523 8
837 2472 916 2523 Bentl.
932 2471 996 2523 coni.
1013 2477 1121 2535 sepienti.
1140 2478 1173 2521 At
1190 2472 1255 2524 mad
1272 2474 1349 2535 mo,
1365 2473 1406 2523 33

237 2581 243 2592 .
272 2561 294 2593 r.
314 2544 378 2593 Ado.

236 2645 385 2709 scripturum
409 2644 501 2704 sitisse,
532 2644 576 2693 sed
599 2648 755 2707 adversante,
782 2655 808 2694 nt
834 2642 909 2709 vulgo
925 2641 1025 2708 legitur.
1061 2642 1186 2691 Bentleins
1205 2642 1229 2693 in
1249 2643 1298 2693 luae
1316 2642 1407 2709 vulgata

236 2713 327 2781 313,
349 2723 392 2760 aut
409 2715 499 2773 invito,
520 2722 548 2761 ut
564 2713 584 2777 3.
598 2712 655 2769 73,
680 2722 724 2762 eut
739 2727 809 2774 repu-
834 2728 882 2762 sor.
898 2710 1073 2760 soloecismum
1097 2720 1123 2758 et
1144 2710 1318 2761 anacoluthon
1339 2710 1408 2761 latere

235 2786 330 2843 pnosde,
347 2789 374 2827 ut
391 2781 412 2845 3
424 2778 464 2831 79.
491 2785 524 2828 At
539 2796 614 2846 quum
632 2778 661 2827 C.
676 2798 751 2846 supro
766 2782 810 2830 lll.
836 2787 922 2844 putet,
947 2777 1053 2843 primum
1072 2777 1128 2844 quia
1147 2779 1302 2844 praegressis
1320 2778 1407 2828 verbis:

239 2845 283 2905 lli,
302 2847 344 2898 34.
366 2848 473 2896 aduenas
487 2850 580 2898 ensibus
597 2846 702 2907 dixerit,
728 2864 809 2913 neque
834 2861 895 2908 quoe
912 2848 1051 2906 modoaldo,
1073 2850 1162 2894 sicum
1179 2848 1275 2895 ratione
1290 2848 1344 2908 fiet,
1367 2862 1407 2895 ex-

236 2914 338 2963 omninn
363 2912 494 2980 quiequam
520 2914 545 2963 in
570 2932 594 2965 v.
618 2918 721 2965 odt¹erso
743 2914 809 2970 insit,
835 2922 978 2980 spectetur:
1005 2917 1043 2962 sin
1060 2919 1138 2962 autem
1155 2915 1206 2962 sine
1229 2917 1339 2973 retines,
1363 2922 1408 2961 tenu

236 2980 304 3045 «prend
330 2981 448 3031 latinitati
475 2992 613 3049 repugnem
648 2982 810 3047 plurimorum
836 2981 894 3047 quia
918 2980 1013 3046 protasi
1037 2996 1086 3029 non
1108 2979 1265 3045 respondent
1287 2979 1405 3047 apoduein

237 3049 438 3116 optimorumque
452 3049 526 3099 codd.
538 3051 685 3116 scripturum
700 3068 743 3099 eur
754 3068 811 3099 rnn-
836 3052 919 3109 Qunre
942 3047 1129 3113 grammaticum
1149 3047 1363 3097 constructionem
1378 3046 1407 3095 nd

238 3123 332 3173 temus,
350 3116 417 3164 nulle
434 3126 471 3163 est
488 3116 579 3165 idonea
597 3134 689 3165 caussa.
835 3115 968 3164 sunitutem
991 3115 1151 3165 restituturus
1175 3113 1312 3165 delendum
1332 3126 1408 3165 oeuset

287 3183 308 3246 3.
328 3182 367 3231 13.
392 3186 426 3230 ito
441 3186 572 3247 movemur]
592 3184 624 3231 H.
640 3202 662 3233 e.
677 3183 808 3234 allicimur.
836 3182 950 3232 voculam
966 3187 1003 3245 si,
1028 3200 1103 3249 quem
1126 3181 1237 3231 omniunt
1257 3182 1370 3233 eodicunr
1385 3192 1408 3233 et

236 3251 343 3309 ‚Moneri
364 3247 426 3364 peht
442 3247 482 3296 oft
499 3249 543 3296 aui
561 3250 809 3300 Seelenbeeclmllien-
836 3249 893 3298 edd.
909 3260 970 3298 vett.
985 3250 1121 3299 areeturitas
1137 3260 1231 3298 tuetur.
1263 3252 1294 3300 Et
1309 3251 1334 3299 iu
1349 3251 1407 3299 tune

235 3315 304 3373 heit,
322 3314 559 3381 Seeenstimmung;
584 3316 662 3366 daher
678 3328 735 3379 sugt
752 3336 809 3368 man
834 3318 983 3367 sententiam
1007 3316 1172 3367 discesserunt
1196 3318 1325 3375 Davisius,
1351 3316 1407 3367 Ld-

234 3383 297 3433 auch
323 3401 373 3432 vnu
399 3383 481 3433 einem
507 3383 619 3450 witzigen
643 3384 720 3450 Knpl‘
742 3392 810 3435 ocule
835 3384 902 3441 leon,
918 3383 1053 3443 Ernestius,
1070 3383 1187 3443 Wollius,
1203 3384 1406 3452 nuper'l'regdsr.

234 3458 340 3502 movetur
359 3450 397 3517 (C.
414 3451 508 3500 Fanum.
523 3453 581 3501 XV.
595 3453 637 3509 ¹21.
652 3454 714 3513 old*
743 3455 809 3514 Wolf.
836 3453 888 3517 Ego
906 3469 966 3501 vero
984 3451 1068 3501 locum
1085 3451 1243 3501 sanissimum
1268 3470 1322 3503 esse
1344 3450 1406 3502 orisi-

285 3519 412 3586 puudium]
437 3536 510 3586 quam
530 3518 691 3585 appellebant
713 3516 809 3587 χαράν;
833 3529 903 3579 tror,
936 3536 982 3569 nec
1010 3520 1141 3586 quicquum
1169 3518 1228 3569 loco
1254 3519 1404 3571 movendum.

235 3602 290 3635 mm
307 3587 470 3652 opponebant
487 3590 605 3649 loetitiae,
626 3604 700 3654 quum
718 3587 809 3653 appel·
835 3587 922 3653 Neque
941 3604 1001 3636 vern
1026 3585 1168 3652 perspicio,
1196 3586 1304 3638 Bentleii
1325 3604 1404 3637 eene-

235 3651 320 3700 labent
343 3649 447 3718 ἠδονήν.
483 3656 566 3705 Luert.
589 3656 613 3715 7,
635 3652 699 3707 tlt:
727 3651 809 3722 ἡδονή
835 3654 918 3703 ctione
935 3654 1067 3703 verborum
1092 3653 1205 3705 ordinem
1231 3654 1266 3704 ad
1287 3670 1405 3721 grammu-

235 3715 302 3768 ἐστιν
317 3712 407 3783 ἄλογος
421 3719 525 3784 ἔπαρσις
541 3717 582 3789 ἐφ’
598 3723 690 3789 αἱρετῷ
709 3724 810 3775 δοκοῦν·
835 3721 899 3771 tiene
917 3721 1021 3770 rationis
1045 3738 1158 3771 normam
1183 3740 1239 3771 esse
1262 3733 1403 3773 renuentum.

234 3801 259 3835 τ’.
283 3778 412 3853 ὐπ’ἰρχειν.
456 3790 478 3854 3.
498 3788 561 3840 llli:
614 3787 637 3841 'u
661 3789 705 3854 μὲν
729 3788 810 3858 χαρὰν
835 3790 900 3838 Num
917 3788 1050 3855 epodosis,
1072 3806 1146 3856 quarn
1164 3790 1212 3838 eibi
1230 3790 1295 3839 risus
1310 3798 1347 3837 nst
1362 3806 1403 3837 ne-

235 3848 345 3903 duenreien
387 3852 444 3907 noli
467 3851 529 3907 εἶναι
545 3859 578 3924 τῇ
603 3858 703 3925 pomp,
730 3848 808 3910 odoni
835 3856 959 3915 nituisse,
978 3856 1045 3905 nulle
1063 3867 1116 3915 est,
1136 3868 1205 3906 certe
1221 3856 1286 3923 epod
1302 3854 1401 3905 (linero-

235 3909 336 3981 εὕλογον
360 3871 470 3984 diruente.
507 3923 571 3973 Hinc
594 3941 669 3989 saepe
692 3928 808 3986 paudum
834 3940 906 3981 nem,
931 3933 1048 3991 qnantum
1067 3923 1159 3981 nciam,
1186 3939 1298 3990 nusquam
1313 3921 1401 3986 legitur

234 3991 260 4032 et
281 3986 371 4060 lustitia
393 3987 542 4051 iunguntur,
570 4000 597 4039 ut
613 3992 672 4041 soll.
693 3993 747 4041 Cet.
765 3992 806 4050 33,
833 3991 975 4057 propositio
989 3991 1039 4040 hnc
1051 3990 1128 4040 modo
1141 3993 1310 4042 conformate:
1326 3990 1401 4050 oiim·

238 4048 262 4099 l:
287 4049 327 4097 ubi
345 4068 368 4097 v.
388 4055 461 4100 Kritz.
487 4072 511 4118 p.
524 4056 582 4105 ute.
618 4059 648 4104 V.
666 4060 808 4109 Doederlinir'
832 4062 882 4108 inm
902 4088 930 4095 -
950 4062 1110 4108 declinemus:
1135 4076 1197 4121 quoe
1217 4060 1338 4109 dedinolio
1352 4071 1401 4107 oum

234 4120 372 4195 Spnonym.
390 4118 447 4167 Vol.
462 4121 502 4166 ΙΙΙ.
520 4137 544 4183 p.
556 4118 654 4188 tlisq.
691 4125 728 4173 De
750 4143 807 4173 ver·
832 4128 922 4174 rollone
939 4129 992 4188 pet,
1009 4130 1087 4175 enutio
1104 4129 1246 4188 appelletur,
1262 4142 1309 4192 pro
1324 4140 1350 4175 sn
1363 4126 1401 4172 de·

234 4184 270 4233 lus
286 4188 384 4247 pertines
399 4188 458 4250 (net
472 4188 615 4249 peturdendl
632 4199 657 4235 et
671 4192 720 4237 stne
734 4194 807 4239 ratio-
832 4194 943 4253 elisatio,
969 4208 1029 4255 qiree
1046 4208 1099 4242 eum
1116 4198 1208 4244 ratione
1231 4198 1279 4257 fiet.
1310 4190 1399 4241 Volso-

234 4269 261 4301 ne
276 4256 351 4304 enimi
365 4257 435 4303 eletio
452 4254 616 4319 (vematnftlose
629 4256 753 4318 Erdebunp
767 4259 808 4306 det
834 4273 888 4306 runa
908 4258 1006 4323 quidem
1029 4260 1166 4321 ordinemp
1186 4271 1286 4311 retento
1303 4258 1399 4325 vulgale

234 4322 352 4387 liemdlhsl
373 4322 405 4372 cl.
422 4339 496 4387 supra
515 4322 557 4369 lll.
576 4322 621 4379 lll,
639 4322 684 4373 23:
703 4322 807 4384 laetitio,
833 4340 884 4372 uon
901 4338 968 4374 recte
985 4328 1136 4393 procedere,
1161 4328 1280 4394 equidem
1296 4344 1344 4377 noo
1360 4342 1400 4375 ue-

233 4402 295 4451 qnne
311 4399 349 4438 est
365 4389 479 4455 voluptas
497 4388 571 4438 enimi
587 4392 648 4438 elatu
669 4392 806 4457 (ausgelns-
833 4408 880 4455 go:
899 4403 925 4441 ut
939 4393 1010 4442 huius
1027 4395 1063 4443 rei
1080 4394 1152 4458 culpa
1169 4394 1343 4445 transferenda
1356 4406 1398 4442 nes

231 4454 285 4513 sen)
312 4465 338 4502 et
355 4461 460 4519 pestiens.
499 4459 541 4513 ll,
559 4452 607 4507 24:
632 4457 746 4522 voluptas
763 4476 808 4522 pe·
833 4470 871 4508 est
887 4460 919 4509 ud
937 4459 1064 4517 librarios,
1093 4463 1136 4510 sed
1154 4462 1187 4510 ad
1206 4464 1289 4529 ipsunt
1307 4462 1397 4512 cleem-

231 4521 316 4594 sliens,
340 4522 366 4597 id
385 4536 422 4573 est
439 4534 538 4590 praeter
555 4523 655 4573 modurn
673 4529 735 4575 eluto
752 4526 805 4574 ler-
832 4544 903 4586 nom,
930 4529 986 4593 qui,
1015 4529 1049 4578 uti
1067 4530 1115 4578 ium
1139 4529 1241 4595 saepius
1263 4530 1395 4583 murnum·

232 4594 287 4633 uua
306 4588 424 4652 opinione
448 4592 585 4656 praesentis
603 4592 686 4657 magni
704 4592 806 4642 alieuius
832 4594 857 4641 iu
884 4594 922 4643 luis
947 4595 1006 4660 ipsis
1034 4596 1104 4645 libris
1129 4597 1276 4663 suepiasiure
1304 4592 1397 4663 vulgum

233 4651 297 4728 lieni.
330 4653 384 4702 Fin.
401 4656 445 4704 ll-l.
462 4659 501 4712 tu,
516 4660 564 4706 stt:
583 4677 631 4724 ego
648 4659 714 4707 malo
731 4659 804 4709 laeti·
831 4662 952 4711 sermonis
968 4662 1143 4729 negligentiam
1159 4674 1271 4715 semotus
1285 4676 1331 4715 est.
1351 4660 1399 4713 Stl-

232 4730 289 4766 tmm
304 4720 432 4797 eppellsre
447 4730 489 4781 luc.
504 4721 607 4790 ἡδονήν)
625 4727 693 4791 quasi
707 4731 806 4788 pestem·
831 4727 889 4776 lieet
914 4729 968 4779 sine
994 4730 1070 4780 dubio
1095 4731 1257 4781 statuendum
1283 4742 1323 4781 est
1346 4726 1400 4781 tut

231 4790 260 4835 ts's
276 4802 351 4834 enimi
369 4790 491 4837 eletionem
508 4790 682 4855 voluptariam.
831 4795 1054 4860 nnantepndoton,
1084 4816 1112 4848 en
1138 4797 1234 4862 figura.
1264 4816 1339 4865 quom
1359 4796 1401 4847 io!

281 4854 1400 4933 mmmmmnmmmmmmmffimfflm

230 4938 285 4971 ram
303 4920 478 4987 trolurptute-ml
498 4927 531 4973 sie
547 4926 675 4988 melitiani,
693 4931 805 4977 sublatio·
831 4927 898 4978 dosis
917 4946 971 4977 curm
989 4932 1131 4995 parenthesi
1152 4933 1255 4983 coaluit.

229 4988 368 5040 semanimi
382 4988 435 5038 siue
450 4989 554 5040 rutinae.
575 4993 702 5043 vanui.
717 4998 805 5051 let-tl.
888 4996 977 5063 comio]
1007 4992 1135 5065 εὐλάβεια.
1181 5001 1256 5067 lliog.
1280 5002 1364 5051 Lnert
1380 4996 1399 5055 7,

279 5060 418 5119 mediando,
444 5062 465 5107 ss·
488 5072 541 5108 cum
566 5064 656 5111 settene
679 5064 735 5125 fiet}
763 5061 804 5110 sic
834 5061 894 5115 lto:
923 5060 971 5128 τήν
988 5061 1017 5117 δὲ
1036 5061 1168 5131 εὐλάβεια-ι
1191 5066 1315 5133 (ἐναντίαν
1331 5064 1397 5135 peel·
