2888 5512
137 680 205 737 XVt
625 688 807 738 PRAEFnTto

136 839 308 923 utramque
327 835 455 925 partem
471 828 617 901 excussis
633 828 721 899 inter
739 849 840 920 seque
855 829 1070 922 comparatis,
1097 834 1222 920 quanta
1238 852 1296 923 po-

135 969 186 1041 tui
202 966 341 1040 merirum
359 966 544 1061 diligentia,
570 964 754 1037 examinavi
773 969 805 1035 et
821 964 874 1036 vel
895 964 1039 1036 breviter
1057 963 1094 1035 in
1113 964 1298 1059 scripturae

137 1106 296 1180 varietate
322 1103 393 1192 vel,
425 1101 481 1174 ubi
506 1126 589 1197 opus
618 1108 707 1191 erat,
740 1098 847 1181 fusius
870 1101 904 1172 iu
931 1100 1200 1173 adnotationibus
1220 1124 1297 1173 sen-

136 1242 275 1315 tentiam
293 1263 399 1312 meam
415 1238 517 1312 libere
536 1245 632 1331 atque
648 1238 788 1332 ingenue
804 1235 1002 1331 exprompsi.
1053 1236 1150 1308 Hanc
1164 1238 1298 1333 ingres-

139 1404 196 1452 sus
224 1379 312 1453 viam
332 1375 396 1448 etsi
419 1375 499 1446 mihi
523 1374 640 1447 videor
664 1373 751 1445 haud
779 1373 954 1445 admodum
978 1373 1090 1466 paucis
1114 1373 1198 1447 locis
1230 1398 1296 1447 nou

136 1517 258 1588 iniuria
273 1513 471 1585 dissensisse
487 1513 525 1584 ab
543 1508 688 1603 Orelli03
713 1516 822 1582 tamen
836 1508 940 1582 satius
955 1509 1033 1581 duri
1045 1510 1297 1605 praestantissi-

138 1675 224 1723 mam
248 1650 339 1722 illam
356 1648 580 1721 recensionem
605 1646 780 1735 illibatam,
816 1668 912 1737 quam
938 1645 989 1718 tie
1008 1646 1075 1717 illic
1093 1646 1298 1721 immutatam

136 1794 297 1883 repetere.

236 1922 364 1995 Deinde
385 1923 495 1994 omnia
519 1944 729 2013 quaecuuque
753 1926 829 2014 post
852 1920 996 2014 priorem
1015 1922 1193 1992 editionem
1209 1944 1297 1993 noua

138 2063 172 2132 in
205 2060 311 2130 lucem
336 2056 535 2151 prodierunt
560 2056 706 2127 subsidia
733 2056 908 2151 diligenter
935 2059 1081 2146 excussi,
1114 2063 1170 2146 ut,
1205 2057 1297 2150 quio-

139 2195 217 2288 quid
237 2193 408 2267 rideretur
428 2215 466 2264 er
493 2193 541 2263 eis
565 2191 644 2263 utile
663 2215 699 2263 ac
718 2190 922 2266 fructuosum
948 2194 981 2264 in
1001 2192 1119 2266 borium
1135 2193 1296 2264 librorum

138 2332 191 2406 vel
208 2331 352 2404 criticam
367 2329 422 2403 uel
441 2328 748 2423 interpretationem
764 2330 1042 2420 redundaturum,
1069 2329 1134 2419 eis,
1161 2330 1220 2421 qui
1240 2329 1297 2401 luae

138 2475 250 2541 essent
266 2468 408 2540 editione
429 2467 543 2556 usuri,
568 2471 756 2561 promptum
776 2472 865 2538 esset
884 2473 917 2538 et
935 2472 1095 2562 paratum.
1149 2464 1298 2557 Quorum

138 2604 359 2676 subsidiorum
384 2604 565 2697 principem
588 2603 696 2675 locum
716 2603 841 2675 obtinet
865 2602 983 2675 horum
1005 2603 1168 2674 librorum
1184 2602 1298 2692 editio,

139 2742 176 2812 ab
193 2739 317 2811 0rellio
335 2762 420 2809 anuo
439 2736 721 2811 muccoxxlx.
750 2739 865 2813 'laurici
878 2739 998 2834 publici
1013 2740 1096 2811 iuris
1110 2737 1207 2828 sacta,
1236 2762 1298 2831 qua

140 2880 270 2970 praeter
295 2874 435 2946 aliorum
465 2874 629 2946 editorum
654 2875 883 2947 adnotationes
910 2875 1008 2947 etiam
1033 2874 1092 2947 ur.
1119 2875 1163 2947 A.
1184 2874 1300 2948 Wolfii

140 3010 324 3083 scholarum
349 3016 500 3105 excerpta
533 3034 604 3081 oum
638 3010 775 3082 editoris
810 3009 1040 3082 additamentis
1076 3010 1299 3085 continentum.

141 3147 228 3220 Tum
242 3148 279 3218 in
295 3145 424 3218 criticae
442 3169 576 3217 munere
596 3146 660 3217 rite
676 3147 798 3218 tuendo
816 3148 984 3242 egregium
1003 3146 1082 3218 mihi
1098 3148 1302 3242 praesidium

139 3289 341 3381 paravenmt
369 3282 529 3356 Reinoldi
543 3280 687 3371 utoni,
722 3281 789 3354 riri
820 3283 999 3355 acutissimi
1020 3290 1053 3354 et
1075 3284 1114 3355 de
1140 3283 1299 3358 Cicerone

139 3421 304 3517 praeclare
320 3421 440 3511 meriti,
465 3417 641 3492 Lectiones
659 3417 842 3489 Trallianae.
882 3418 1026 3514 Largam
1040 3444 1140 3513 porro
1157 3421 1300 3494 utilissi-

140 3580 267 3628 marum
289 3562 321 3625 et
346 3558 386 3628 ad
413 3557 556 3629 criticam
582 3555 673 3627 etad
693 3556 936 3650 grammaticam
959 3555 1120 3628 rationem
1139 3559 1301 3631 obserua-

139 3692 266 3764 tionum
281 3697 423 3785 segetem
438 3692 690 3786 suppeditarunt
702 3691 782 3764 milai
796 3691 941 3767 'l'bomae
955 3692 1150 3785 Wopkensii
1163 3691 1302 3766 Lectio-

140 3852 199 3900 nes
218 3826 409 3920 Tullianae,
435 3852 452 3898 a
471 3826 682 3900 Ferdinando
703 3828 835 3900 Handio
857 3829 950 3899 docte
968 3834 1001 3897 et.
1016 3827 1182 3921 eleganter
1198 3832 1301 3904 ador-

138 3971 245 4036 natae.

239 4099 390 4190 Denique
405 4121 518 4169 omnes
533 4099 654 4192 prioris
670 4099 823 4171 editionis
838 4101 1067 4174 adnotationes
1083 4103 1188 4176 denuo
1204 4128 1302 4178 accu—

141 4235 306 4310 ratissima
332 4234 471 4306 lectione
496 4235 724 4329 pervestigans
749 4236 852 4308 multa
878 4239 1007 4328 addidi,
1043 4264 1124 4332 qltae
1148 4251 1301 4336 praeter-

140 4374 240 4445 missa
257 4378 362 4461 erant,
377 4370 452 4462 alia,
469 4394 550 4462 quae
566 4370 664 4443 latius
684 4371 769 4442 dicta
785 4381 891 4462 erant,
908 4376 1047 4464 cotrarii,
1080 4402 1160 4469 quae
1181 4380 1301 4453 obscu-

141 4508 210 4579 rius
235 4507 434 4601 signifieata,
470 4531 551 4599 quiae
578 4531 645 4579 non
670 4513 757 4579 recte
792 4509 967 4603 explicata,
1003 4535 1083 4603 quae
1118 4515 1300 4590 levioribus

141 4641 342 4737 argumentis
378 4650 604 4737 superstructa
637 4642 847 4737 uiderentur,
888 4646 1076 4739 illustrare,
1113 4652 1300 4744 emendare,

142 4777 333 4852 confirmare
351 4778 482 4869 studui,
508 4778 645 4850 consilio
660 4778 814 4852 adhibitis
830 4781 896 4872 eis,
924 4807 1004 4875 quae
1020 4808 1038 4856 a
1054 4786 1136 4858 viris
1152 4811 1219 4860 non
1235 4791 1300 4861 mi-
