2888 5512
226 287 248 355 t
691 300 952 353 anocaoonana.

225 429 337 507 scripta
353 425 488 503 reliquit.
531 423 806 483 Praestantissimus
826 432 925 481 autem
944 431 1035 499 atque
1053 419 1274 499 pulcherrimus
1288 423 1414 485 Cicuu-

228 532 333 590 nianae
349 525 557 606 philosophiae
577 525 662 584 locus
678 526 741 583 sine
756 524 850 583 dubio
866 523 1030 583 censendus
1043 531 1088 581 est
1103 523 1144 597 is,
1165 523 1219 600 qui
1234 534 1280 583 est
1295 524 1335 585 de
1347 547 1415 589 uso-

228 632 358 703 ralibus,
388 639 434 701 et,
462 628 544 705 quod
566 628 598 685 in
618 625 794 705 exponenda
814 624 869 683 hac
887 625 1025 685 doctrina
1046 624 1231 685 sanissimum
1249 646 1313 704 quo
1331 628 1416 689 illius

228 732 382 813 ingenium
399 730 531 809 pollebat
551 729 696 788 iudicium
714 728 868 807 praeclare
886 727 1036 801 enitescit,
1064 737 1094 784 et
1110 746 1184 785 vero
1201 728 1310 803 etiam,
1332 728 1415 808 quod

230 833 431 917 philosophus
449 841 567 905 noster,
590 850 786 908 quaecunque
804 829 910 889 eximia
930 828 1032 888 adbuc
1047 848 1063 886 a
1081 828 1203 887 Graecis
1221 827 1412 911 pbilosophis

230 940 268 997 ds
281 934 387 994 morali
399 932 539 991 doctrina
552 940 639 990 erant
657 932 821 1010 disputata,
844 939 1052 1009 perscrutatus
1063 929 1163 1007 eisque
1173 930 1323 1009 eleganter
1333 952 1413 1013 pru-

229 1040 396 1114 denterque
411 1055 499 1108 usus,
522 1033 772 1112 praeclarissimas
786 1033 817 1092 in
832 1032 953 1111 scriptis
967 1030 1030 1090 suis
1041 1031 1205 1090 moralibus
1222 1032 1414 1113 consignavit

231 1139 393 1201 mittentias
412 1145 442 1195 et
458 1134 627 1213 complures
644 1134 734 1195 huius
753 1134 909 1193 doctrinae
927 1132 1065 1192 notiones
1083 1132 1260 1212 primarias,
1282 1134 1412 1195 excussis

231 1245 370 1319 interque
385 1258 416 1297 se
434 1237 612 1315 comparatis
629 1236 791 1295 contrariis
806 1238 991 1295 Graecorum
1007 1232 1261 1314 philosophorum
1274 1235 1411 1309 decretis,

231 1342 359 1405 clariore
381 1340 447 1397 luce
471 1337 663 1397 illuminarit.

316 1442 350 1502 ln
365 1440 528 1499 moralibus
539 1439 657 1499 Tullius
674 1439 843 1519 principum
858 1438 1114 1511 Academicorum,
1137 1438 1285 1497 Arcesilae
1295 1448 1326 1498 st
1336 1441 1410 1501 co-

232 1545 348 1618 neadis,
377 1563 459 1601 more
481 1541 688 1619 probabilitati
712 1540 873 1597 maximum
895 1540 993 1597 locum
1015 1539 1168 1598 concessit.
1211 1540 1310 1601 Multa
1333 1540 1409 1599 euim

232 1644 400 1727 probabilia
418 1660 480 1700 esse
495 1640 656 1712 iudicavit,
678 1659 755 1716 quae
772 1658 942 1718 quanquam
958 1660 1019 1698 non
1034 1640 1283 1719 perciperentur,
1304 1651 1409 1713 husen,

232 1748 302 1825 quia
317 1745 415 1803 visum
430 1741 575 1799 haberent
588 1739 734 1816 quendam
751 1740 894 1819 insignem
911 1750 939 1799 at
956 1740 1118 1812 illustrem,
1140 1741 1182 1801 eis
1199 1742 1344 1821 sapientis
1361 1742 1410 1803 vi·
1433 1800 1437 1805 .

233 1859 293 1908 um
312 1844 374 1923 regi
395 1861 481 1923 posse
496 1840 692 1899 existimabat.
738 1842 796 1899 lam
820 1861 912 1921 supra
933 1842 1220 1917 demonstravimus,
1248 1844 1281 1901 in
1304 1842 1410 1905 morali

232 1947 373 2009 doctrina
395 1946 567 2003 Ciceronem
587 1942 743 2001 maximam
769 1952 884 2021 partem
905 1944 1075 2002 Stoicorum
1099 1943 1232 2023 vestigiis
1253 1945 1410 2021 institisse,

233 2052 315 2111 nulla
337 2049 415 2109 eninr
438 2046 521 2105 lirma
543 2045 576 2103 in
597 2065 630 2105 ea
654 2055 685 2103 et
709 2044 869 2103 coniuncta
890 2054 1017 2104 naturae
1041 2054 1198 2125 praecepta
1222 2046 1304 2106 tradi
1326 2066 1411 2126 posse

96 2162 104 2179 ⁴
232 2153 356 2226 statuit,
379 2150 437 2209 nisi
450 2158 504 2206 ant
520 2147 629 2221 abeis,
655 2146 708 2225 qui
723 2145 829 2221 solam,
857 2155 911 2206 aut
924 2146 962 2205 ab
978 2146 1033 2219 eis,
1057 2146 1109 2225 qui
1125 2146 1252 2207 maxime
1266 2146 1410 2209 honesta·

232 2265 292 2313 tem
308 2261 435 2330 propter
452 2270 483 2308 se
501 2248 635 2308 dicerent
650 2249 857 2326 expetendum,
888 2248 907 2307 i.
925 2267 950 2307 a.
971 2257 1025 2306 aut
1043 2269 1061 2306 a
1078 2248 1186 2308 Stoicis
1208 2259 1262 2309 aut
1280 2250 1320 2311 ab
1333 2250 1409 2311 dca-

233 2353 353 2415 demicis
368 2360 397 2410 et
406 2349 626 2428 Peripateticis:
648 2368 722 2425 quaa
740 2358 800 2408 trcs
813 2349 985 2429 disciplinas
998 2349 1029 2407 in
1042 2348 1102 2409 hoc
1114 2348 1328 2433 philosophias
1344 2352 1409 2413 louu

234 2476 268 2515 re
288 2449 473 2522 consentire,
495 2448 667 2509 nominibus
688 2448 858 2527 discrepare
879 2450 1005 2509 dicebat.

316 2551 411 2610 Stoici
428 2548 652 2629 philosophiam
669 2550 808 2607 moralem
827 2550 1048 2611 distribuerunt
1068 2553 1101 2611 in
1120 2553 1291 2613 doctrinam
1306 2554 1344 2616 du
1358 2574 1409 2615 ra-

233 2658 289 2717 bua
310 2653 412 2726 bonis,
442 2652 541 2725 malis,
569 2650 823 2725 indifferentibus,
852 2651 889 2710 de
907 2652 1088 2727 virtutibus,
1118 2654 1155 2714 de
1174 2654 1264 2715 animi
1283 2664 1409 2737 pertur-

231 2756 418 2829 bationibus,
447 2753 484 2812 dc
509 2751 627 2811 officiis.
672 2751 790 2830 lluplex
811 2761 910 2811 autem
933 2763 998 2813 erat
1025 2754 1245 2836 philosophiam
1266 2758 1408 2819 moralem

231 2857 382 2921 tractandi
396 2855 492 2933 ratio,
513 2864 643 2930 utraque
665 2863 761 2912 tamen
780 2854 901 2913 candem
920 2855 975 2913 sibi
993 2856 1153 2917 subiectam
1172 2857 1299 2918 habebat
1314 2868 1410 2919 mata·

231 2964 316 3025 riam
360 2960 461 3019 Altera
482 2955 561 3016 ratio
581 2965 647 3013 erat
663 2947 826 3034 dopporsnri
842 2956 889 3016 vel
906 2951 1092 3035 θεωρητική,
1115 2959 1343 3021 fundamentum
1357 2970 1409 3021 to·

233 3067 295 3125 tius
314 3058 524 3143 philosophiae
546 3056 685 3133 moralis,
712 3078 789 3136 quae
810 3058 842 3117 in
862 3060 1021 3117 scrutanda
1042 3070 1149 3119 natura
1164 3082 1281 3121 morum
1297 3072 1328 3121 et
1342 3062 1410 3123 on'-

231 3167 299 3245 gine
313 3162 540 3241 aperiendisque
552 3160 638 3234 iusti,
660 3160 749 3235 boni,
771 3158 858 3237 aequi
873 3159 1008 3218 fontibus
1021 3163 1208 3222 versabatur.
1250 3164 1322 3223 lluc
1334 3184 1407 3243 pu·-

230 3266 326 3325 tinent
344 3262 495 3321 Ciceronis
512 3262 582 3321 libri
600 3263 637 3321 de
651 3262 776 3321 Finibus
796 3263 949 3320 bonorum
967 3271 996 3320 et
1013 3262 1169 3321 Malorum.
1214 3264 1316 3325 Altera
1328 3264 1410 3325 ratio

229 3376 295 3426 arat
310 3355 520 3441 sopusvssssssi,
542 3383 635 3442 eaque
651 3364 807 3443 popularis
822 3375 852 3423 et
864 3364 900 3423 ad
914 3385 1097 3424 communem
1115 3366 1340 3446 intelligentiam
1354 3386 1409 3427 ac-

229 3466 427 3541 commodata,
455 3485 544 3545 quam
561 3467 665 3526 Cicero
684 3466 715 3524 in
737 3466 823 3523 libris
839 3465 877 3522 de
897 3464 1027 3537 Officiis,
1054 3465 1085 3524 in
1103 3468 1279 3528 Tusculanis
1295 3468 1408 3549 [lispu-

229 3568 394 3629 tationibus
413 3569 539 3646 aliisque
553 3566 638 3623 libris
655 3574 774 3622 secutus
792 3572 844 3621 est.
889 3564 930 3621 Ea
946 3576 1104 3644 praecepta
1122 3569 1189 3644 dat,
1212 3569 1324 3648 quibus
1337 3590 1408 3629 mo-

229 3692 277 3731 res
291 3670 486 3748 corrigantur
504 3676 534 3725 et
546 3663 741 3737 ordinentur,
765 3673 793 3722 et
810 3664 840 3721 in
861 3685 962 3724 ornnes
978 3677 1078 3744 partes
1094 3690 1164 3729 usus
1180 3671 1261 3730 vitae
1278 3672 1408 3733 confur-

228 3773 304 3835 mass·
322 3771 428 3853 possit.

470 3932 529 3997 W.
576 3931 629 3997 De
655 3924 848 3997 Tusculanis
871 3931 1162 4018 Dispmtotiouilms.

311 4076 423 4157 scripti
443 4082 515 4133 ausit
532 4071 664 4151 quinque
681 4071 752 4130 libri
768 4072 1005 4134 Tusculanarum
1025 4078 1272 4157 Disputationum
1288 4080 1405 4141 turbu·

227 4180 310 4239 lento
330 4179 383 4238 illo
401 4189 549 4256 tempore,
578 4193 670 4253 quum
692 4176 877 4252 respublica
898 4177 974 4235 bello
995 4179 1079 4237 civili
1098 4181 1201 4239 niisere
1222 4182 1404 4257 vexabatur,

226 4292 257 4342 et
272 4281 392 4354 Cicero,
414 4278 588 4338 muneribus
604 4278 746 4351 orbatus,
764 4287 795 4335 et
806 4278 862 4336 sibi
876 4288 905 4337 et
921 4279 1031 4339 litteris
1048 4281 1178 4341 vivebat.
1222 4282 1405 4365 Eteanporia

224 4384 320 4457 notis,
348 4401 424 4459 quae
445 4400 515 4439 sane
534 4379 645 4438 multae
662 4379 693 4437 in
714 4375 761 4437 his
780 4379 853 4457 ipsis
871 4380 1046 4442 Tusculanis
1064 4395 1198 4459 exstant,
1222 4385 1404 4447 luculentis·

222 4488 295 4546 aime
310 4493 450 4564 apparet,
472 4502 519 4540 eas
536 4490 607 4559 post
622 4481 716 4541 libros
735 4482 772 4539 de
793 4481 920 4541 Finibus
943 4483 1139 4548 bonorumet
1156 4486 1307 4547 hlalorurn
1320 4506 1403 4549 annu

223 4586 420 4649 occulito.
436 4607 462 4645 c.
481 4585 536 4665 (45
553 4603 580 4642 a.
597 4580 682 4664 chr.)
700 4582 867 4659 inchoatas,
889 4586 1062 4665 easdunque
1078 4591 1149 4650 anni
1166 4588 1288 4651 DCClX.
1308 4590 1402 4653 initio
