2888 5512
508 654 768 708 statuuntur.

476 846 507 905 C.
550 846 688 906 TERTIA
709 848 813 907 Pius,

624 978 656 1010 D!

388 1045 551 1096 REMEDHS
567 1045 888 1098 PERTURBATIONUM.

127 1187 286 1262 Quouiuu
301 1206 365 1246 nou
387 1184 485 1245 solum
502 1185 540 1245 de
556 1185 708 1264 sepiente,
736 1185 789 1263 qui
803 1187 886 1247 omni
901 1170 1131 1266 perturbatione
1149 1192 1226 1254 liber

51 1300 104 1364 ut,
123 1290 177 1351 sed
194 1291 286 1359 etiem
298 1288 337 1347 ds
346 1287 413 1347 eliis
428 1286 599 1365 hominibus
613 1288 786 1365 quseritur;
807 1288 954 1367 reliquum
967 1299 1027 1365 est,
1048 1302 1085 1351 ut
1098 1296 1225 1355 remedia

51 1392 233 1466 deantur,
264 1409 378 1468 queen
402 1388 598 1469 philosophia
620 1389 734 1449 morbis
758 1390 926 1453 animorum
946 1391 1157 1454 adhibeantur.
1186 1430 1226 1442 --

54 1494 196 1573 Corporis
212 1492 360 1551 medicine
375 1501 568 1570 oompsrstur
581 1511 650 1551 eum
664 1492 755 1551 snimi
767 1491 923 1552 medicine.
938 1512 963 1551 u.
979 1498 1032 1553 et.
1043 1491 1076 1574 5.
1091 1502 1142 1557 58.
1185 1499 1227 1558 De

51 1596 207 1656 mistione
228 1592 503 1673 perturbationum.
549 1592 655 1652 Veriee
675 1613 778 1653 esrum
799 1595 981 1654 curationes.-
1000 1593 1033 1676 5.
1046 1602 1099 1657 59.

132 1717 163 1756 s.
208 1699 260 1755 De
277 1698 422 1754 itniuersa
440 1699 598 1754 curatione
613 1696 891 1773 perturbationum.
931 1698 977 1756 td
993 1699 1138 1759 tollendas
1152 1721 1225 1780 per-

52 1797 243 1857 turbetiouos
258 1796 416 1872 docentur,
445 1792 476 1874 u)
494 1815 550 1855 nee
571 1797 683 1855 bouum
706 1797 783 1855 illud
803 1817 881 1871 esse,
908 1817 1023 1876 exque
1045 1811 1099 1860 sut
1114 1801 1227 1863 lsetitis

53 1909 107 1961 sut
134 1898 235 1958 libido
260 1899 389 1974 orietur3
418 1917 473 1957 uec
497 1897 622 1971 melum,
653 1917 690 1956 ex
706 1917 768 1974 quo
788 1907 841 1958 eut
858 1906 969 1972 metus,
987 1909 1049 1967 -sut
1063 1895 1227 1979 aegritudo,

10 2038 12 2043 -
56 1997 85 2080 β)
106 2001 249 2080 ipsasque
258 2000 501 2079 perturbationes
524 2019 580 2078 per
596 2019 632 2059 se
649 1999 853 2059 essevitiosus
872 2020 926 2060 neo
943 1999 1053 2061 hebere
1070 2003 1228 2083 quicquum

54 2111 102 2161 sut
131 2101 273 2161 uatursle
298 2110 353 2161 sut
377 2100 585 2161 necessarium.
635 2100 693 2160 Hie
708 2102 909 2160 maerentibus
932 2103 1119 2164 imbecillitas
1137 2107 1228 2167 suirui

54 2203 212 2265 effeminati
228 2201 391 2263 ubiieistur
406 2222 570 2280 eorumque
593 2203 646 2282 qui
667 2203 788 2263 sortiter
811 2202 941 2265 humens
961 2206 1090 2268 tulerint
1108 2208 1157 2268 rel
1179 2210 1233 2270 fe-'

55 2316 118 2365 rent
136 2305 287 2365 laudetur
309 2305 489 2363 oonstsntis.
510 2324 536 2364 c.
552 2309 603 2365 28.
623 2302 657 2384 5.
674 2310 746 2365 dl).-
769 2305 849 2365 Heee
866 2305 961 2365 alters
977 2308 1123 2368 medicine
1129 2352 1138 2384 ,
1168 2330 1228 2388 qus

55 2406 192 2482 donetur,
213 2405 460 2484 perturbetioues
476 2423 530 2485 per
545 2426 577 2466 ss
592 2426 654 2466 esse
672 2406 809 2479 vitiosas,
831 2406 948 2464 temetsi
963 2407 1001 2464 sd
1015 2409 1125 2485 vulgus
1137 2410 1227 2469 adhi-

56 2508 146 2569 beuds
162 2528 228 2568 nou
242 2517 303 2581 est,
324 2516 439 2582 temen,
461 2507 488 2567 si
504 2507 571 2586 quis
586 2508 715 2567 idoneus
732 2516 778 2566 est
793 2506 832 2565 sd
847 2525 909 2567 eun
927 2507 1143 2586 recipiendum,
1166 2511 1230 2571 uti-

54 2609 109 2670 lior
124 2619 283 2684 oeusetur,
303 2610 448 2687 quonism
461 2609 551 2669 simul
566 2620 597 2670 et
610 2610 785 2689 opinionem
801 2607 902 2669 huam
923 2608 1025 2684 tollet,
1048 2620 1077 2670 et
1094 2611 1228 2690 negritu·
1247 2594 1252 2621 ²

56 2711 152 2771 dinem
166 2710 318 2772 detrahet.
340 2707 371 2791 5.
387 2717 439 2773 60.
452 2721 532 2773 extr.
574 2712 654 2773 Sunt
667 2710 756 2770 etism
768 2711 913 2789 quasdem
924 2711 1135 2791 aegritudines,
1157 2733 1231 2792 quse

54 2810 108 2873 hec
120 2812 186 2872 sols
198 2813 351 2877 medicine
364 2814 463 2873 unsri
481 2823 625 2893 possunt,
647 2824 699 2888 ut,
719 2814 744 2871 si
759 2813 826 2891 quis
841 2833 928 2893 segre
940 2814 1034 2890 leret,
1056 2814 1134 2875 nihil
1151 2815 1184 2875 in
1198 2835 1229 2876 se

55 2933 112 2975 esse
132 2915 278 2991 virtutis,
300 2914 378 2975 nihil
397 2915 502 2992 enimi,
523 2914 600 2975 uihil
618 2914 723 2991 officii,
745 2914 821 2974 nihil
840 2914 1014 2976 honestetis.
1034 2912 1067 2995 5.
1084 2923 1137 2978 61.

133 3017 164 3076 h.
179 3020 235 3077 De
247 3021 412 3076 curatione
424 3019 626 3100 singularum
637 3017 920 3097 perturbationum:
940 3018 972 3076 in
987 3038 1048 3097 que
1060 3018 1136 3078 illud
1152 3019 1229 3080 idem

54 3117 166 3198 duplex
182 3118 361 3179 consolandi
373 3139 468 3198 genus
481 3118 685 3181 adhibendum
695 3129 753 3193 est,
776 3128 811 3179 ut
826 3119 956 3198 primum
971 3120 1037 3198 ipss
1051 3121 1145 3182 sniiui
1156 3142 1229 3201 per·

10 3238 14 3311 ι,
57 3220 204 3293 turbetio,
227 3219 265 3277 de
286 3240 346 3297 qus
361 3221 475 3299 egitur,
495 3221 637 3297 tolletur3
659 3231 725 3281 tutu
742 3222 934 3297 ostendetur,
955 3241 1012 3283 uec
1027 3221 1141 3282 honum
1154 3222 1230 3280 illud

54 3339 128 3393 esse,
151 3320 237 3398 quod
250 3330 305 3380 sut
320 3321 462 3381 leetitism
476 3332 529 3382 eut
544 3322 696 3391 libidinem
709 3333 841 3392 movent
862 3341 917 3381 nec
933 3322 1060 3393 melum,
1082 3321 1165 3396 quod
1181 3332 1233 3379 sut

53 3431 166 3480 metum
186 3423 486 3501 sutnegritudiuem.
507 3444 534 3483 c.
549 3429 601 3484 29.
644 3423 673 3504 s)
695 3426 746 3481 De
762 3421 980 3500 aegritudine,
1010 3418 1095 3476 cuius
1118 3418 1233 3478 sedatio

54 3519 200 3580 hesterno
214 3522 417 3602 disputatione
433 3525 580 3604 explicatu
594 3534 653 3601 est3
675 3521 709 3600 b)
728 3523 765 3581 de
779 3533 872 3590 metu,
895 3519 949 3598 qui
969 3518 1079 3578 eisdem
1099 3519 1230 3581 rstioui·

57 3624 137 3696 bus,
165 3622 272 3699 quibus
288 3626 459 3704 segritudo,
486 3626 718 3698 tollendusest,
746 3621 890 3700 quonism
910 3631 946 3681 ut
966 3621 1121 3700 aegritudo
1142 3643 1230 3702 prue-

54 3723 167 3800 sentis‚
195 3723 345 3785 siemetus
361 3728 458 3787 futuri
474 3727 544 3785 msli
564 3736 620 3801 est3
649 3747 674 3784 c.
690 3730 743 3785 30.
778 3723 808 3804 c)
824 3733 853 3782 et
869 3720 901 3804 d)
917 3723 954 3783 de
974 3725 1096 3782 laetitia
1112 3736 1139 3783 et
1155 3726 1231 3785 libi-

53 3825 137 3885 dim.
180 3826 316 3886 Primum
331 3829 490 3903 doceatur,
512 3837 549 3887 ut
566 3847 666 3885 omnes
683 3826 943 3905 perturbationes,
965 3826 1009 3884 sic
1025 3825 1079 3885 hus
1096 3845 1156 3885 esse
1172 3848 1232 3887 vo·

53 3926 220 4002 lunteries5
252 3937 316 3987 tum
345 3931 538 4005 ostendetur,
568 3950 655 4007 quem
686 3928 787 4007 turpis
812 3927 852 3986 sit
880 3928 975 3986 omnis
1002 3927 1092 3985 enimi
1117 3927 1231 3989 effusio.

54 4028 213 4088 Gaudium
228 4039 260 4088 et
277 4030 390 4091 lustitia
405 4032 480 4109 quid
496 4031 638 4100 different
653 4031 796 4106 iuter-se,
817 4031 992 4108 exponitur.
1014 4050 1040 4089 e.
1054 4035 1106 4091 st.

139 4131 197 4189 His
214 4129 252 4189 de
271 4130 383 4192 iustitis
396 4143 426 4192 et
443 4133 567 4196 libidine
582 4133 764 4212 praemissis,
790 4133 847 4190 ism
863 4132 899 4191 de
915 4132 1032 4191 dusbus
1047 4152 1149 4191 esrum
1166 4132 1232 4189 for-

54 4232 129 4305 mis,
149 4253 252 4292 amore
266 4243 296 4293 et
312 4233 375 4308 ire,
403 4236 562 4313 seperatim
578 4227 686 4312 agitur.
731 4232 762 4313 u)
787 4237 967 4303 Deamore,
998 4234 1051 4310 qui
1069 4233 1160 4309 vulgo
1176 4250 1233 4307 sp·
1287 4270 1290 4275 -

42 4332 198 4423 pellitur.
245 4336 285 4394 Ut
295 4345 399 4415 turpes
414 4347 499 4412 suut,
522 4335 720 4414 quiefferunt
738 4336 984 4407 substitutum,
1008 4353 1101 4409 quum
1121 4333 1233 4389 fruun-

54 4442 112 4493 tm
134 4436 269 4497 reuersis
293 4437 521 4517 voluptetibus5
550 4438 595 4498 sie
609 4437 764 4516 flugitiosi,
797 4436 848 4514 qui
867 4457 915 4496 ess
932 4435 1115 4497 inssernmsto
1135 4433 1233 4493 enitno

53 4537 285 4616 oouwphount.
303 4571 344 4584 -·
387 4539 629 4618 deprehenditur
642 4539 769 4618 poetice,
791 4558 867 4615 quae
880 4538 968 4597 istum
982 4555 1110 4594 umorem
1123 4535 1235 4596 laudet.

10 4706 13 4717 Ι
52 4658 81 4697 ι.
96 4644 150 4699 dd.
188 4639 223 4699 ln
237 4639 345 4719 primis
356 4639 531 4720 philosophi
546 4640 743 4720 vituperandi
756 4648 837 4712 sunt,
860 4639 911 4715 qui
925 4638 1236 4698 emorerndefendsnt.

54 4740 238 4802 maiouim
254 4741 397 4821 carpitur
407 4761 572 4822 puerorum
586 4762 678 4801 amor.
700 4762 727 4801 c.
741 4747 794 4803 35.
837 4741 909 4798 tien
922 4749 1048 4800 notetur
1062 4726 1161 4813 Pluto,
1183 4740 1235 4817 qui

56 4844 150 4905 Euri
165 4843 382 4906 auctoritatem
394 4844 545 4906 tribuerit.
588 4843 620 4904 si
636 4863 736 4921 emor,
757 4852 794 4901 ut
808 4840 902 4901 Stoici
920 4843 1043 4916 volunt,
1064 4843 1127 4919 ipse
1141 4860 1236 4898 wus-
