2888 5512
526 649 789 703 ruotsuotmtts.

59 775 113 837 Sed
127 774 230 855 probe
245 774 411 834 tenendum
422 782 483 848 eet,
505 755 676 833 Ciceronem
691 774 747 850 eis,
774 774 808 833 iu
824 775 935 853 quibus
957 778 1088 836 Graecos
1102 787 1242 836 auctores

57 887 175 939 uentus
190 886 253 951 est,
281 896 368 936 suum
385 876 484 955 ipsum
503 875 675 937 adiunxisse
685 876 830 936 iudicium
839 875 878 957 7).
922 878 956 936 ln
977 877 1128 937 imitandis
1142 887 1241 937 sutasu

46 978 146 1057 'atque
159 978 369 1058 exprimendis
383 980 566 1037 Graecorum
578 976 834 1058 philosophorum
845 978 967 1059 scriptis
980 990 1040 1039 tam
1051 979 1161 1058 insigni
1175 989 1240 1039 erte

58 1066 194 1141 seruatus
212 1091 273 1155 est,
300 1090 337 1140 ut
353 1080 515 1139 sententias
529 1079 652 1139 illormu
666 1089 756 1159 etque
769 1090 943 1160 arguments
960 1102 1022 1140 non
1038 1082 1128 1141 anxie
1144 1080 1237 1141 oolla·

55 1181 142 1261 p'sse,
160 1182 217 1242 eed
237 1202 277 1243 ex
297 1201 354 1241 suo
374 1181 470 1261 ipsius
488 1180 608 1260 ingenio
629 1182 847 1263 exprompsisse
867 1172 1038 1245 videbatur.
1147 1190 1150 1195 '

182 1346 241 1413 Vl.
286 1344 342 1413 De
358 1348 506 1431 proprio
532 1344 700 1412 Ciceronis
717 1348 976 1433 philosophandi
991 1368 1123 1435 perere.

141 1488 202 1547 lam
214 1507 299 1560 vero,
321 1484 347 1542 si
361 1485 514 1545 Ciceronis
528 1486 566 1546 de
582 1486 776 1568 philosophia
791 1488 886 1547 libros
901 1497 931 1547 et
945 1508 1032 1566 quam
1047 1489 1078 1547 in
1093 1488 1135 1546 eis
1148 1487 1238 1547 inivit

57 1587 297 1668 philosophandi
314 1587 462 1646 rationem
481 1589 573 1648 altius
590 1599 830 1668 perscrutemur,
859 1590 1012 1670 praeclare
1031 1589 1236 1670 intelligemus,

58 1709 122 1749 eam
135 1690 306 1769 saepissime
321 1689 457 1768 proxime
469 1689 609 1748 accedere
621 1691 659 1749 ad
672 1692 855 1751 Socraticam
866 1693 1024 1752 rationem.
1066 1693 1236 1766 Enimvero,

58 1812 153 1869 qumn
176 1791 285 1853 Cicero
305 1801 509 1868 argumentum
527 1791 653 1869 aliquod
678 1792 817 1851 omnibus
838 1813 876 1852 ex
894 1795 1031 1872 partibus
1046 1794 1237 1868 examinavit,

59 1903 138 1966 tum,
159 1892 188 1950 si
203 1912 242 1950 ex
258 1891 352 1951 allatis
362 1914 379 1951 s
391 1913 422 1952 se
435 1892 565 1954 aliorum
581 1891 836 1971 pbilosophorum
849 1894 1019 1968 sententiis,
1038 1887 1237 1972 discrepanti·

60 1994 120 2051 bus
136 1992 319 2071 interseque
335 1994 561 2069 dissidentibus,
588 1993 704 2072 aliquid
728 1993 794 2054 veri
818 1995 865 2055 vel
887 2004 969 2055 certe
990 1994 1153 2054 verisimile
1171 1995 1237 2054 elici

55 2105 174 2175 pomi,
197 2095 311 2154 leues·
326 2072 579 2176 philosopbofmn
593 2096 626 2155 in
638 2097 701 2155 sm
714 2096 1151 2176 mcipunnsusumssnet
1164 2118 1238 2156 uno

57 2216 120 2275 quo
145 2196 314 2255 instructus
344 2210 409 2256 erst
432 2198 539 2256 mentis
562 2197 676 2256 iudicio
700 2198 731 2256 in
760 2199 917 2257 comilimn
942 2210 1067 2275 vocato,
1096 2199 1236 2259 tentavit.

45 2297 156 2371 ‘Quam
170 2297 293 2375 quidem
305 2297 455 2377 ingressus
467 2299 613 2358 rationem
626 2298 874 2379 praeclarissimas
889 2321 975 2378 saepe
988 2303 1149 2379 proposuit
1166 2323 1236 2360 sen·

57 2400 178 2459 emitas.
220 2402 300 2458 Sena
317 2400 412 2478 igitur
433 2421 528 2475 meus,
556 2401 719 2461 tenerrimo
742 2401 874 2479 quodem
895 2402 1013 2460 honesti
1031 2402 1145 2460 iudicio
1162 2422 1237 2459 con-

56 2501 179 2576 iuncta,
209 2521 287 2580 quae
317 2503 392 2561 nulli
419 2502 592 2581 discipliuae
617 2502 838 2580 adstrigendsm
862 2521 894 2561 se
919 2501 1028 2575 tradit,
1059 2502 1091 2559 in
1118 2501 1182 2558 eius
1204 2503 1241 2560 de

58 2601 254 2682 pbilosoplsia
275 2603 400 2681 scriptis
419 2605 546 2663 tuexime
570 2586 677 2663 elucet.
719 2603 837 2680 itaque,
864 2613 898 2661 ut
915 2602 1002 2663 lirino
1019 2600 1122 2660 bacin
1142 2622 1174 2660 re
1187 2602 1240 2662 in·

59 2704 184 2763 cederet
202 2704 291 2783 pede,
317 2704 493 2764 Academico
509 2725 593 2765 more
607 2705 797 2764 diversorum
813 2703 1062 2784 philosophorum
1079 2705 1240 2764 sententies

58 2806 265 2885 ossmpararit,
293 2816 342 2880 ut,
370 2790 443 2885 quid
459 2817 539 2866 recte
560 2809 598 2866 ab
619 2808 660 2866 eia
683 2815 773 2886 atque
795 2806 1009 2885 probabiliter,
1035 2805 1110 2885 quid
1132 2826 1238 2885 parum

59 2919 139 2969 recte
163 2908 354 2987 disputatum
376 2918 465 2983 esset,
494 2929 531 2968 ex
551 2908 609 2968 hoc
628 2909 713 2987 quasi
732 2910 948 2969 sententiarum
966 2929 1127 2987 esrmuque
1146 2929 1238 2988 argu-

58 3020 229 3070 mentorum
246 3031 282 3069 ac
306 3009 459 3069 rationum
481 3010 625 3070 conflictu
638 3020 806 3091 appareret.
847 3011 979 3070 Socratis
1000 3031 1127 3085 morem,
1154 3030 1239 3092 quem

60 3113 227 3172 Carneades
250 3132 373 3190 quoque
391 3111 560 3172 acutissime
577 3112 838 3192 copiosissimeque
856 3114 968 3186 tenuit,
988 3123 1126 3185 secutus,
1156 3132 1239 3170 suam

39 3215 125 3294 ¹ipse
145 3214 327 3274 sententiam
351 3213 445 3287 texit,
472 3234 576 3273 errore
603 3214 676 3273 alios
697 3215 796 3274 levare
818 3224 849 3274 et
871 3216 901 3273 iu
924 3215 1005 3273 omni
1025 3214 1241 3291 disputatione,

19 3356 23 3361 -
62 3317 134 3394 quid
147 3326 228 3376 esset
241 3315 424 3374 simillimum
435 3314 511 3391 veri,
532 3335 675 3394 quaerere
688 3317 809 3377 studuit
821 3326 859 3391 et,
879 3316 933 3392 qui
947 3312 1148 3390 requirerent,
1170 3310 1242 3387 quid

63 3438 184 3497 quaque
206 3419 245 3476 de
258 3438 296 3498 ¹re
312 3417 375 3495 ipse
392 3417 531 3491 sentiret,
560 3417 710 3477 curiosius
734 3419 765 3476 id
786 3418 883 3474 lacere
900 3415 997 3486 dixit,
1024 3431 1113 3488 quam
1131 3430 1244 3469 necesse

65 3520 201 3598 esset⁸)·,
226 3521 414 3598 nequeenim
430 3529 491 3578 tam
512 3519 703 3579 auctoritatis
724 3519 757 3575 iu
780 3513 979 3593 disputando,
1009 3533 1096 3592 quam
1119 3513 1244 3573 rationis

66 3628 218 3680 momenta
231 3621 395 3698 quaerenda
405 3608 482 3696 esic,
503 3619 679 3699 quinetiam
691 3619 792 3677 obesse
804 3617 979 3694 plerumque
992 3618 1042 3689 cis,
1064 3615 1117 3693 qui
1130 3616 1244 3675 discere

67 3723 197 3796 senens,
225 3724 431 3783 auctoritatem
448 3741 569 3793 eormn,
597 3721 651 3798 qui
668 3720 824 3779 seducere
849 3718 1080 3796 profiterentur,
1111 3718 1245 3778 desinere

65 3826 146 3884 enim
167 3824 237 3883 illos
256 3844 343 3883 suum
358 3825 504 3884 iudicium
526 3821 668 3881 adbibere
685 3833 715 3881 et
735 3820 766 3879 id
784 3820 893 3879 babere
906 3830 1019 3895 ratum,
1047 3820 1128 3897 quod
1146 3821 1183 3879 ab
1200 3842 1244 3895 eo,

69 3946 155 4005 qoem
176 3930 356 4004 probarent,
378 3927 545 3985 iudicatmn
567 3924 716 3983 viderent.
758 3926 804 3983 lix
825 3924 866 3981 eis
884 3921 994 4000 igitur,
1015 3941 1091 3999 quae
1108 3920 1145 3980 de
1158 3924 1243 3982 Cice-

71 4029 154 4087 mnis
171 4027 407 4108 philosophandi
423 4030 540 4087 ratione
556 4026 762 4105 exposuimus,
784 4027 954 4086 Ciceronem
969 4023 1172 4083 Academicum
1186 4028 1245 4082 So-

72 4131 216 4190 craticum
238 4132 356 4209 potius,
384 4151 472 4208 quam
499 4129 596 4188 solum
626 4149 722 4189 novam
744 4128 908 4188 academiae
928 4128 1066 4187 asseclam
1088 4126 1247 4185 dicendum

74 4251 147 4308 ease,
166 4232 309 4292 concludi
332 4253 418 4312 posse
439 4231 571 4291 videtur.

169 4415 239 4480 Vll.
287 4416 340 4480 De
360 4415 550 4500 sispitem·
567 4433 709 4499 pestere,
740 4435 802 4496 mm
829 4413 1041 4478 Ciceronem
1064 4418 1111 4477 cst
1132 4412 1166 4473 in

564 4515 766 4581 Tusmslatsis.

159 4656 210 4717 liti
228 4660 327 4717 cetera
344 4657 406 4715 lere
420 4657 520 4715 cuiuis
534 4657 571 4714 de
586 4654 778 4734 pbilosophis
795 4655 922 4730 scripte,
946 4654 986 4710 its
1004 4653 1056 4712 bas
1070 4653 1252 4712 Tusculanas

82 4756 189 4819 Tullius
205 4760 396 4838 dialogorum
420 4760 513 4817 lomna
536 4757 714 4835 composuit.
758 4757 789 4814 ln
812 4756 961 4834 plerisque
978 4756 1103 4835 dialogis
1121 4757 1180 4814 suis
1198 4775 1252 4812 cn-

87 4860 187 4934 piosius
207 4861 359 4939 quoddam
377 4871 406 4920 et
427 4861 551 4920 uberius
568 4870 657 4937 atque
674 4859 771 4917 fusum
790 4878 882 4938 genus
898 4869 1018 4918 secutus
1032 4869 1091 4918 est:
1120 4858 1173 4932 qui
1190 4864 1256 4912 eret

145 4988 169 5057 7]
190 4996 222 5047 V.
240 5010 289 5044 uos
304 4993 332 5043 in
351 4992 416 5044 libro
433 4991 503 5044 dicto
521 5011 547 5060 p.
562 4988 596 5042 91
615 5008 653 5057 sq.
688 4988 715 5057 8}
733 4991 767 5045 N.
789 4992 819 5041 tJ.
838 4992 858 5040 l.
876 4989 901 5038 5.
