2946 5550
619 760 880 816 enoteconsne.
1320 762 1341 829 3

153 882 323 969 ¹sapientiae
335 894 504 966 praecepta,
526 885 650 945 Romani
663 887 809 945 sermonis
820 887 982 966 splendore
994 890 1161 970 explanata,
1183 914 1221 953 ex
1233 899 1339 958 utiabra

155 991 242 1071 quasi
264 991 298 1048 in
320 988 411 1047 solem
434 996 524 1064 atque
545 986 699 1065 pulverem
722 987 916 1066 producenda
938 993 1070 1068 putavit.

244 1091 385 1150 Omnium
399 1087 652 1169 philosophorum
667 1089 839 1168 disciplinas
852 1102 1074 1170 perscrutatus,
1095 1117 1225 1158 summos
1239 1100 1336 1159 Gree-

155 1196 221 1257 eiae
243 1190 445 1272 philosophos
465 1191 502 1248 de
522 1191 704 1269 gravissimis
726 1193 950 1268 questionibus
973 1194 1130 1257 dissentire
1147 1200 1287 1279 interque
1306 1224 1337 1263 se

153 1297 300 1357 dissidere
319 1313 413 1371 quum
431 1291 625 1351 intellexisset
643 1291 760 1370 sibique
779 1296 988 1373 persuasisset,
1018 1318 1079 1358 non
1098 1301 1200 1376 aliter,
1228 1304 1285 1361 nisi
1298 1308 1336 1366 de

155 1399 296 1458 omnibus
315 1396 406 1455 rebus
433 1395 466 1452 in
491 1395 661 1453 cotttrerias
680 1405 781 1472 partes
800 1396 988 1472 disserendo,
1016 1401 1090 1476 quid
1109 1402 1141 1460 in
1163 1422 1281 1480 queque
1301 1427 1336 1465 re

154 1499 318 1561 verisimile
332 1507 422 1570 esset,
444 1494 578 1553 inveniri
596 1515 695 1573 posse:
718 1497 961 1558 Academicorum
977 1502 1180 1562 recentiorum
1196 1506 1334 1584 discipli-

153 1622 221 1675 nae,
243 1620 332 1679 quam
347 1600 404 1656 iam
418 1596 587 1656 adolescens
596 1594 723 1656 Philone
738 1599 815 1658 duce
830 1610 861 1659 et
874 1600 1030 1678 didicerat,
1053 1613 1083 1661 et
1095 1613 1237 1682 tanquam
1251 1610 1335 1686 opti-

152 1722 239 1761 mum
250 1702 483 1760 instrumentum
499 1697 538 1756 ad
555 1697 739 1775 eloquentiae
755 1700 871 1760 laudem
885 1704 1114 1781 comparandam
1135 1708 1258 1767 mirifice
1270 1730 1333 1767 am-

153 1804 296 1885 plexatus
311 1803 424 1877 luerat,
445 1810 542 1860 totum
561 1821 591 1859 ae
605 1801 785 1879 penitusque
809 1804 943 1862 tradidit.
987 1805 1085 1864 Huius
1099 1809 1178 1866 enim
1194 1810 1332 1888 philoso-

156 1905 245 1985 phiae
260 1904 419 1983 proprium
439 1902 548 1976 est‚-in
566 1911 727 1979 utramque
744 1913 860 1980 partem
877 1906 943 1963 veti
961 1908 1131 1983 reperiendi
1151 1930 1254 1968 caussa
1269 1913 1330 1970 dis-

153 2005 288 2066 serendo
310 2024 428 2062 errores
448 2002 663 2081 opinionesque
687 2023 745 2061 nnn
773 2003 865 2063 firmis
885 2016 1107 2083 superstructss
1133 2009 1334 2071 fundamentis

154 2110 331 2179 destruere,
353 2105 494 2163 indicium
512 2105 629 2163 nullum
646 2105 855 2184 interponere,
878 2127 911 2165 ea
926 2107 1071 2185 probare,
1094 2129 1169 2186 quae
1186 2111 1332 2175 simillime

154 2211 220 2270 reri
237 2209 410 2280 videantur,
432 2206 570 2267 conferre
585 2226 701 2277 caussas
716 2216 755 2281 et,
777 2208 851 2284 quid
869 2208 900 2266 in
918 2229 1064 2286 quamque
1078 2213 1253 2283 sententiam
1272 2216 1332 2275 dici

155 2312 266 2392 possit,
287 2327 480 2388 expromere,
502 2308 586 2367 nulla
600 2306 734 2366 adhibite
752 2329 806 2366 sua
820 2310 1016 2384 auctoritate,
1039 2312 1185 2372 iudicium
1203 2318 1332 2376 audien-

156 2414 230 2473 tium
245 2413 418 2489 relinquere
434 2411 583 2489 integrum
597 2429 633 2468 sc
644 2409 790 2469 liberum..
825 2412 871 2471 Ex
886 2430 947 2488 quo
960 2412 1154 2490 intelligitur,
1177 2419 1331 2476 Academi·

155 2536 205 2575 eos
229 2534 293 2573 non
312 2533 429 2571 enarrem
449 2511 600 2571 scientiam
623 2511 794 2583 sustulisse,
823 2512 873 2570 sed
895 2532 961 2570 cum
983 2514 1101 2571 ratione
1121 2515 1334 2591 probabilitate

158 2637 225 2676 usos
237 2636 310 2675 esse.
352 2614 455 2692 ltaque
465 2614 583 2686 Cicero,
606 2612 719 2671 nullius
738 2608 944 2690 philosophiae
961 2613 1136 2692 disciplinae
1154 2618 1334 2677 auctoritate

156 2718 329 2791 adstrictus,
349 2715 524 2795 principum
537 2712 789 2792 philosophorum
801 2714 963 2773 sententies
978 2716 1160 2776 exarrnnavit
1173 2728 1263 2796 etque
1276 2740 1330 2779 ex-

156 2819 250 2879 cussit
265 2828 305 2892 et,
325 2818 357 2875 in
380 2827 539 2893 utramque
553 2824 667 2892 partem
681 2816 855 2894 ponderatis
874 2817 916 2874 rei
934 2819 1088 2877 tnotnentis
1106 2820 1334 2899 rationibusque

157 2919 352 3000 comparatis,
376 2939 451 2996 quas
465 2919 502 2974 ad
514 2916 755 2994 probabilitatem
771 2926 860 2994 atque
880 2918 946 2977 reri
964 2919 1186 2980 similitudinem
1207 2926 1332 2984 maxime

158 3042 305 3101 propense
329 3039 391 3078 esse
413 3019 604 3090 viderentur,
627 3028 745 3076 secutus
767 3028 820 3077 est.

114 3190 116 3195 ¹
239 3125 322 3181 later
341 3142 392 3179 eos
417 3117 627 3199 philosophos,
651 3139 726 3196 quos
749 3120 873 3178 maxime
894 3121 1036 3199 probavit
1056 3124 1176 3201 Cicero,
1202 3127 1332 3205 primum

114 3252 117 3291 t
137 3226 253 3285 'locum
274 3224 392 3282 obtinet
417 3222 516 3279 Plato:
546 3219 632 3278 cuius
656 3220 878 3300 philosophiam
907 3234 997 3282 totam
1012 3226 1060 3283 rel
1078 3237 1159 3286 certe
1177 3229 1332 3288 maximam

113 3358 117 3407 ἰ
157 3329 218 3387 eius
237 3335 354 3406 partem
369 3323 434 3383 sine
452 3323 547 3381 dnbio
562 3321 617 3379 sibi
636 3322 818 3382 vindicasset
832 3325 1003 3404 Latinisque
1021 3326 1130 3386 litteris
1145 3329 1332 3402 illustrasset,

113 3474 117 3493 ,
157 3430 228 3487 siet
246 3429 449 3486 llomaooruar
464 3424 584 3503 ingenie
602 3423 673 3482 setis
691 3424 807 3484 exculte
827 3427 952 3485 laurent
966 3428 1003 3485 ad
1024 3427 1105 3486 illiue
1126 3428 1333 3485 sublimitatem

113 3518 115 3539 ⁵
156 3541 247 3609 atque
262 3529 462 3589 excelsitatem
476 3525 703 3605 percipiendam,
726 3535 753 3584 et
770 3527 832 3604 ipse
846 3537 939 3584 totam
952 3528 1015 3585 eius
1028 3528 1223 3585 subtilitatem
1237 3538 1333 3588 mente

155 3652 212 3689 sua
228 3630 420 3707 concepisset.
462 3628 597 3688 Platonis
613 3629 823 3687 auctoritatem
836 3630 869 3684 in
885 3629 927 3685 eis
944 3628 1129 3705 potissimum
1146 3639 1263 3689 secutus
1280 3641 1332 3704 est,

113 3750 236 3817 ¹quae
255 3730 295 3788 ad
310 3741 434 3788 naturas
450 3729 648 3808 cognitionem
667 3727 815 3809 (physice)
835 3730 921 3788 etad
940 3730 1105 3789 animorum
1124 3732 1332 3792 immortalita-

113 3804 117 3899 l
156 3845 214 3892 tem
236 3841 382 3911 spectant.
424 3833 593 3890 &cundum
620 3829 839 3908 philosophiam
862 3831 1043 3891 Platonicam
1069 3834 1192 3891 maxime
1218 3836 1332 3913 stuplo-

113 3910 116 3993 l
156 3946 244 3994 xatus
264 3943 310 3992 est
324 3933 495 3991 Stoicorum
515 3932 717 4011 disciplinam,
739 3933 770 3990 in
788 3933 893 4010 primis
909 3934 942 3991 in
960 3934 1018 4005 eis,
1040 3953 1115 4009 quae
1129 3936 1279 4013 praeclare
1295 3937 1333 3996 ab

156 4036 213 4095 illis
227 4036 340 4114 scripta
353 4045 441 4093 erant
453 4035 490 4094 de
502 4033 610 4092 morah
622 4033 771 4108 doctrina
794 4035 831 4092 de
844 4035 914 4114 legis
928 4045 1047 4108 natur,e
1069 4035 1106 4094 de
1120 4037 1332 4097 conlorunnde

156 4158 188 4196 re
203 4137 338 4218 publica.
380 4137 443 4195 Etsi
459 4134 541 4194 haud
554 4155 628 4195 raro
647 4134 818 4193 Stoicorum
833 4135 1054 4215 philosophiam
1074 4137 1260 4198 vehementer
1279 4160 1332 4218 ag.

156 4240 294 4319 preditur
320 4247 410 4316 etque
433 4237 626 4316 perstringit5
655 4247 749 4295 tamen
779 4238 902 4296 oumino
929 4240 965 4298 de
987 4239 1037 4296 illa
1065 4240 1217 4319 magnilica
1242 4242 1333 4300 sentit

156 4342 280 4416 eiusque
297 4340 458 4398 sententias
479 4338 689 4398 excelsissimas
711 4337 790 4397 inter
805 4340 885 4399 cives
903 4360 974 4398 suos
996 4340 1152 4420 divulgare
1169 4353 1198 4400 et
1216 4361 1331 4422 prope·
1362 4320 1376 4347 ⁰

138 4461 229 4520 agere
245 4441 359 4516 studet,
388 4460 484 4518 neque
498 4461 546 4500 eas
565 4441 660 4519 ipsas,
689 4439 740 4498 sed
761 4440 870 4517 quibus
886 4461 934 4498 eas
948 4440 1066 4500 firmare
1088 4443 1261 4502 nitebantur
1279 4463 1330 4500 ar-

156 4554 313 4622 guments,
333 4543 503 4622 longissime
525 4560 742 4619 nonnunquam
763 4542 918 4618 arcessite,
938 4543 1144 4621 reprehendit.

383 4808 445 4874 lll.
490 4808 543 4875 De
569 4808 737 4875 Ciceronis
755 4808 966 4895 philosophia
987 4814 1117 4879 morali.

242 4950 367 5011 Veteres
396 4949 621 5029 philosophiam
650 4949 681 5008 in
711 4959 770 5009 tres
797 4961 899 5028 partes
929 4951 1119 5013 dividebant:
1147 4954 1339 5025 dialecticam,

155 5049 330 5131 physicam,
351 5050 489 5112 athicem.
532 5052 566 5112 ln
585 5070 765 5130 unaqueque
778 5062 864 5129 parte
879 5054 985 5113 Cicero
997 5055 1164 5115 elaborarit
1177 5065 1209 5112 et
1219 5051 1335 5130 egregia

1081 5161 1094 5212 q
1118 5153 1133 5186 t

111 5222 129 5524 l
