2888 5512
131 262 181 319 Xll
548 271 708 324 EPISTOLA
726 271 878 322 EDlTOlllS

230 413 279 485 Ac
293 414 436 508 primum
454 413 605 506 quidem,
638 436 737 505 quum
756 410 888 483 'l'ullius
905 412 1122 483 academicum
1137 410 1208 507 phil

128 550 252 645 phandi
277 572 400 645 genus,
436 550 523 642 quod
550 573 668 645 parum
689 547 854 644 cognitum
878 572 914 620 ac
936 556 1144 644 perspectum
1166 548 1294 623 multos-

127 686 247 758 iamin
273 710 405 760 errores
420 685 581 759 abstraxit
596 685 783 780 ineptisque
806 686 844 756 de
862 690 979 758 nostro
1002 684 1200 781 philosopho
1224 684 1289 759 ina·

126 823 198 894 buit
215 822 442 918 opinionibus,
468 828 601 895 secutus
615 822 678 913 sit,
703 820 786 893 nihil
800 820 897 911 mihi,
922 821 1053 916 planam
1069 822 1289 895 adolescenti·
1318 876 1323 889 .

126 960 188 1030 hus
204 982 240 1030 ac
256 965 379 1031 certam
394 983 457 1052 qua
473 959 507 1029 in
524 959 673 1055 legendis
689 956 859 1031 Ciceronis
875 957 914 1029 de
930 957 1137 1053 philosophia
1151 958 1288 1054 scriptis
1318 926 1323 995 ⁴·

125 1094 220 1167 lirmo
238 1096 430 1168 incederent
449 1095 530 1190 pede
550 1096 637 1167 uiam
652 1093 875 1190 patefactum,
908 1094 1025 1166 melius
1042 1094 1217 1189 aptiusque
1234 1094 1289 1167 ui·
1321 1126 1323 1133 ·

126 1253 199 1301 sum
215 1238 284 1321 est,
317 1255 414 1324 quam
434 1231 481 1323 si,
517 1255 599 1324 quae
616 1232 754 1304 manime
771 1237 919 1327 spectare
937 1231 1130 1306 viderentur
1148 1230 1193 1303 ad
1208 1254 1288 1326 per·

126 1365 310 1460 cipiendam
328 1373 480 1462 recteque
506 1368 745 1442 diiudicandam
763 1366 1009 1441 Ciceronianam
1030 1364 1289 1471 philosophandi
1319 1464 1323 1473 Ι

125 1503 305 1594 rationem,
342 1528 438 1596 quam
454 1505 647 1577 breuissime
673 1504 822 1598 exposita
842 1504 904 1575 toti
923 1504 1008 1575 libro
1027 1503 1287 1598 praemittercrn.

124 1638 214 1729 Iam,
247 1639 401 1731 quoniam
417 1638 453 1710 in
471 1639 669 1711 illustrando
686 1638 772 1711 libro
790 1639 828 1711 de
846 1637 1055 1734 philosophia
1073 1638 1199 1734 scripto
1215 1640 1290 1736 pri-

125 1798 177 1846 ma
193 1799 230 1846 ac
246 1773 420 1869 praecipua
434 1774 627 1869 interpretis
643 1773 770 1849 curain
787 1798 825 1847 eo
842 1774 952 1870 posita
969 1799 1041 1847 esse
1058 1777 1172 1867 debet,
1198 1782 1237 1849 ut
1254 1782 1290 1851 'ct

123 1910 299 1983 universae
316 1910 548 2007 disputationis
563 1918 661 1984 tenor
676 1911 913 2001 constituatur,
940 1918 973 1983 et
985 1912 1192 2006 singularum
1206 1936 1288 1985 sen-

122 2049 302 2121 tentiarum
316 2071 421 2121 nexus
436 2048 637 2138 enucleetur,
651 2047 792 2143 singulis
801 2048 1062 2120 Tusculanarum
1075 2049 1171 2121 libris
1190 2050 1285 2143 quasi

123 2186 286 2275 quendam
301 2191 527 2280 conspectum,
555 2209 619 2279 quo
636 2184 748 2281 paucis
766 2185 936 2281 complecti
950 2185 1078 2276 studui,
1105 2209 1189 2278 quae
1207 2185 1285 2259 lon·
1321 2284 1323 2289 Ι

121 2319 267 2414 gissimis
283 2342 379 2415 saepe
394 2321 660 2394 adnotationibus
675 2323 826 2417 esposuit
840 2322 988 2414 Neidius,
1013 2321 1180 2418 praemisi,
1207 2330 1284 2395 tan-
1318 2422 1321 2427 Ι

122 2479 220 2547 quam
242 2456 357 2527 ducem
374 2462 506 2529 secutus
523 2481 591 2529 non
609 2456 814 2548 Ernestium,
839 2459 931 2530 cuius
948 2465 1151 2554 argumenta,
1178 2458 1283 2533 'l'ullii

123 2590 162 2662 de
179 2590 386 2687 philosophia
403 2591 497 2665 libris
512 2592 673 2688 praelixa,
699 2592 787 2666 haud
802 2593 939 2665 multum
954 2618 1033 2667 sane
1050 2592 1226 2667 conserunt
1238 2594 1283 2667 ad

121 2727 339 2801 adiuvandam
353 2727 552 2823 scriptorum
567 2728 829 2825 intelligentiam,
855 2731 914 2803 sed
929 2730 988 2803 nr.
1003 2731 1047 2804 Η.
1064 2731 1282 2827 Kernium*),

121 2863 233 2957 quiin
255 2864 465 2937 conficiendis
489 2864 769 2956 Tusculanarum,
802 2867 1044 2962 elegantissime
1065 2894 1084 2939 a
1102 2892 1137 2939 se
1159 2867 1196 2939 in
1218 2892 1280 2964 pu-

118 3002 221 3073 trium
238 3025 424 3074 sermonem
439 3024 694 3093 conversarum,
726 3003 929 3098 argumentis
943 3003 990 3075 ita
1011 3004 1211 3096 elaboravit,
1240 3011 1280 3079 ut

118 3141 188 3208 tota
208 3137 386 3231 disputatio
405 3139 445 3210 ad
460 3163 587 3211 summa
603 3140 707 3212 ueluti
724 3140 830 3236 capita
844 3147 996 3214 revocata
1012 3141 1069 3211 uui
1086 3140 1179 3233 quasi
1198 3165 1279 3214 con-

119 3272 245 3365 spectui
273 3274 498 3347 subiiceretur.
558 3276 629 3348 Hac
656 3275 758 3372 igitur
785 3277 936 3350 instituta
957 3277 1085 3349 ratione
1111 3302 1212 3370 quum
1236 3302 1278 3352 ex

119 3406 178 3497 eis,
205 3431 286 3500 quae
303 3409 342 3481 de
359 3409 526 3483 Ciceronis
537 3412 792 3507 philosophandi
807 3412 934 3483 ratione
950 3411 1053 3504 deque
1070 3413 1279 3508 singulorum

119 3541 380 3616 Tusculanarum
398 3546 558 3618 librorum
575 3546 777 3640 argumentis
795 3547 941 3642 exposita
961 3556 1056 3639 suut,
1081 3549 1194 3622 miultis
1211 3552 1278 3623 im-

115 3678 236 3773 peditis
254 3680 446 3776 magnisque
463 3681 708 3755 difficultatibus
728 3683 905 3756 obstructis
921 3684 1003 3757 locis
1022 3686 1204 3759 clarissima
1217 3689 1275 3763 lux

115 3814 239 3888 aliundi
254 3816 441 3911 videretur,
465 3825 576 3891 tamen
592 3820 627 3890 in
641 3819 724 3915 ipsis
738 3821 835 3893 etiam
852 3821 1128 3917 adnotationibus,
1152 3831 1274 3898 utnon

114 3953 222 4025 solum
248 3952 468 4027 difficihorum
490 3955 638 4028 locorum
663 3957 859 4030 sententiam
885 3960 1064 4053 aperirem,
1089 3961 1149 4033 scd
1174 3963 1274 4035 etiam

113 4088 306 4163 interiorem
328 4092 566 4164 sententiarum
582 4116 703 4165 nexum
727 4094 932 4188 expedirem,
968 4103 1121 4189 quantam
1138 4122 1275 4194 possem

112 4226 285 4298 ruarimam
301 4227 502 4321 diligentiam
517 4228 731 4301 adhibendam
746 4231 872 4324 putaui.
924 4231 1021 4324 Quod
1035 4240 1143 4307 autem
1156 4236 1272 4326 multa,

1270 4676 1323 5035 l
