2888 5512
571 1568 884 1659 PRAEFATIO

438 1743 480 1800 ru
515 1741 719 1801 'funestun
755 1735 1014 1798 nornrounu.

658 1996 739 2002 -----
740 1994 802 2002 -ο

218 2179 388 2255 Orelliana
401 2178 521 2250 horum
534 2176 697 2249 libronam
710 2176 873 2267 recensio,
893 2198 980 2249 anno
992 2172 1313 2253 nncccxxvnl.

16 2344 22 2357 ·
143 2317 258 2391 'l'uriei
275 2315 397 2410 publici
411 2313 497 2387 iuris
512 2312 616 2403 laeta,
643 2336 740 2405 quam
755 2312 792 2386 in
807 2313 951 2384 editione
967 2337 1039 2385 meu
1059 2314 1165 2387 altera
1180 2323 1314 2389 secutus

141 2476 234 2542 sum,
262 2452 413 2544 quamvis
433 2449 657 2545 singularibus
677 2472 713 2521 ae
733 2446 912 2543 praeclaris
931 2448 1104 2543 splendeat
1122 2450 1240 2544 bonis3
1263 2458 1314 2523 tr-

143 2611 236 2675 men,
272 2585 386 2658 multis
409 2592 526 2681 postea
549 2585 648 2657 nouis
669 2582 866 2676 maximique
894 2584 1051 2656 momenti
1068 2608 1088 2655 a
1105 2584 1190 2659 uiris
1210 2587 1315 2659 doniis

142 2721 178 2793 in
199 2720 344 2791 medium
361 2720 471 2791 allatis
492 2720 652 2792 subsidiis
672 2719 816 2809 criticis,
840 2717 915 2791 fieri
933 2743 1001 2791 non
1019 2719 1147 2813 potant,
1173 2722 1257 2814 quin
1275 2722 1315 2795 il·

143 2855 208 2927 lius
222 2853 473 2925 [undamentum
487 2851 576 2924 haud
590 2877 669 2925 sane
684 2855 797 2947 paneis
810 2854 892 2926 loeis
907 2854 1171 2927 labefactaretur.
1225 2857 1318 2950 Quo-

145 2990 231 3061 oirea
251 2989 287 3060 in
306 2988 498 3060 adornanda
517 2988 577 3060 luae
601 3012 687 3061 nova
712 2988 856 3060 editione
876 2991 1051 3063 maximam
1074 3013 1182 3062 meam
1205 3015 1317 3065 euram

144 3132 242 3217 atque
261 3147 395 3218 operam
413 3147 452 3195 eo
472 3122 706 3195 conferendam
723 3123 927 3212 existimavi,
962 3131 999 3196 ut
1019 3125 1139 3199 horum
1156 3127 1318 3200 librorum

146 3260 346 3357 scripturam
357 3283 456 3352 quam
465 3258 539 3330 fieri
550 3263 664 3352 posset
674 3259 976 3330 emendatissimam
987 3259 1186 3333 exhiberem.
1204 3256 1320 3336 ¹Prae-

147 3397 346 3472 stantissimi
366 3394 629 3468 Tusculanarum
650 3393 779 3466 codices
799 3394 871 3467 sine
892 3395 990 3467 dubio
1011 3397 1165 3469 censendi
1185 3398 1319 3470 sunthi

148 3555 225 3604 sex:
253 3532 467 3621 Parisiensis‚
495 3531 552 3624 qui
569 3528 643 3603 κατ’
661 3530 772 3625 ἐξοχὴν
787 3532 973 3627 appellatur
989 3533 1139 3622 Regulos,
1171 3534 1318 3603 Vatica-

149 3690 228 3746 nuo,
249 3661 441 3732 Grulionus
452 3666 606 3759 prensus,
633 3661 866 3749 Ptolemaeos,
888 3663 1134 3763 Gryphianus,
1161 3669 1320 3736 Beroen»

149 3800 251 3888 sis*).
304 3797 433 3871 Eorum
456 3801 685 3872 auctoritatem
709 3808 865 3892 tanquam
886 3825 1054 3890 normam,
1080 3804 1234 3896 adquam
1258 3805 1321 3878 ho·

149 3957 224 4006 rum
240 3934 401 4005 librorum
419 3935 525 4004 oratio
544 3934 705 4027 erigenda
724 3956 760 4003 ae
777 3933 965 4029 castiganda
985 3945 1093 4027 esset,
1119 3941 1321 4032 sequendam

152 4068 241 4153 duri,
267 4068 313 4138 ita
328 4073 450 4155 tamen,
475 4072 594 4138 utnon
612 4067 782 4138 serviliter
800 4068 848 4139 eis
865 4070 1066 4161 obsequerer
1083 4079 1116 4143 et
1131 4073 1184 4145 uel
1202 4076 1320 4147 absur-

152 4204 305 4277 dissimas
326 4225 441 4273 eorum
459 4200 643 4294 scripturas
661 4202 859 4274 contortulis
877 4205 1073 4276 ratiumculis
1089 4209 1191 4281 tutari
1208 4233 1244 4280 ae
1266 4212 1321 4282 ele

151 4340 287 4410 fondere
303 4337 492 4424 studerem,
518 4337 578 4407 sed
592 4337 798 4430 reliquorum
812 4338 910 4409 eliam
924 4338 1104 4428 librorum,
1131 4349 1164 4411 et
1178 4346 1320 4439 scripto-

152 4498 227 4546 rum
243 4480 277 4544 et
296 4472 479 4560 editorum,
513 4472 677 4544 rationem
696 4473 850 4545 haberem
872 4497 908 4544 ae
927 4496 1027 4544 sanae
1053 4475 1175 4546 mentis
1200 4478 1320 4554 indicio

151 4609 275 4679 iustum
292 4632 390 4678 suurn
409 4606 619 4699 lebilrunque
641 4609 754 4680 darem
779 4609 897 4681 looum.
950 4608 1085 4682 Etenim
1103 4613 1249 4687 omnium
1268 4614 1320 4712 qui

220 4912 244 4976 ‘l
263 4913 293 4961 V.
312 4927 358 4960 nos
376 4910 401 4958 in
419 4909 557 4973 Prole-gom.
574 4908 606 4959 sd
624 4909 670 4959 hos
691 4908 766 4958 libros
784 4928 809 4977 p.
825 4909 863 4961 10.
