2946 5550
249 313 291 380 18
465 382 473 413 ,Ι
711 320 871 373 uranus.
890 317 966 379 ω.

249 444 319 510 tus⁶
340 441 498 508 indoctior.
546 440 628 525 Ergo
646 441 676 504 iu
696 437 823 504 Graecia
839 435 942 501 musici
961 436 1142 512 floruerunt,
1173 432 1386 517 discebantque
1402 433 1431 496 id

249 576 365 634 omnes,
391 573 462 632 nec,
487 552 535 635 qui
550 550 720 629 nesciebat,
744 548 817 613 sutis
831 547 968 613 excrdtus
985 544 1120 609 doctrina
1134 544 1299 629 putabatur.
1341 552 1373 605 ὁ.
1395 539 1432 607 la

249 685 364 739 summo
381 664 457 749 apud
475 662 542 725 illus
557 661 670 725 bonore
686 658 849 744 geometria
866 657 939 736 luit3
963 656 1063 740 itaque
1079 654 1150 717 nibil
1164 652 1381 719 mathematicis
1395 650 1432 717 il·

249 776 383 839 lustrius.
428 772 472 835 At
490 792 545 836 nos
565 770 705 839 metiendi
723 767 978 851 ratiocinandique
994 764 1119 829 utilitate
1136 764 1221 828 huius
1237 763 1310 827 artis
1328 763 1431 827 termi-

248 872 384 948 navirnss
406 884 535 946 modum.

315 1068 333 1120 6
349 1070 482 1119 sicone.
500 1069 530 1120 ll.
550 1066 615 1116 Gud.
635 1065 656 1116 l.
672 1068 704 1115 ll.
729 1066 832 1133 aliisque
849 1066 974 1133 plerisque
997 1063 1067 1114 libris
1087 1072 1112 1113 et
1129 1060 1230 1127 scriptis
1247 1070 1273 1111 et
1290 1059 1364 1111 editis
1380 1077 1430 1127 pro

248 1142 341 1189 babitus
355 1145 397 1200 est,
415 1136 483 1202 quod
501 1134 576 1187 etiam
590 1134 709 1197 Quinctil.
726 1136 746 1184 l.
757 1134 798 1197 10,
814 1130 855 1184 19.
871 1133 954 1197 habet,
973 1147 1113 1200 quanquam
1127 1128 1162 1181 ibi
1176 1131 1203 1181 iu
1219 1129 1430 1196 cod.Tig.etiam

248 1213 281 1257 est
299 1209 353 1256 bob.
374 1205 474 1271 legitur.

247 1317 345 1366 motus,
372 1316 398 1355 et
416 1304 473 1372 quia
491 1303 544 1354 veri
560 1303 640 1353 multo
658 1290 696 1352 cist
712 1302 824 1365 similius,
849 1303 979 1369 leguntur:
1006 1300 1081 1351 Unde
1099 1298 1175 1351 mium
1199 1297 1242 1348 ille
1258 1313 1330 1359 mos,
1355 1306 1384 1346 ut
1401 1296 1428 1346 iu

247 1373 429 1423 inusitatiorem
438 1381 588 1423 structuram
601 1375 691 1433 utiquot
701 1377 824 1421 unteun·
850 1371 970 1421 conviviis
1002 1378 1062 1435 post
1090 1383 1194 1419 coenam
1225 1364 1429 1417 circumferretur

247 1457 302 1493 nos
317 1460 331 1491 a
346 1441 452 1491 librariis
466 1449 586 1489 mutatum
601 1455 654 1489 ease
667 1438 692 1487 in
705 1438 823 1488 usitatio·
849 1438 917 1506 lyra:
943 1437 1010 1488 cuiue
1027 1452 1103 1502 quum
1117 1451 1145 1485 se
1159 1433 1303 1502 imperitum
1318 1431 1429 1484 Themi-

247 1527 300 1559 rrm
317 1513 407 1571 aliquot
421 1514 475 1558 unte
499 1511 610 1569 arants,
636 1523 709 1572 quam
727 1516 823 1556 contra.
848 1506 940 1557 stocles
956 1507 1074 1567 confessus
1089 1508 1161 1565 esset,
1178 1512 1207 1551 ut
1222 1500 1303 1551 verbis
1320 1498 1429 1551 Cicero-

248 1577 298 1626 Ubi
315 1594 354 1627 res
371 1593 423 1626 non
439 1574 471 1625 ad
487 1591 620 1641 praeseus,
635 1573 681 1622 sed
698 1573 731 1622 ad
747 1590 823 1638 prae-
848 1574 886 1623 nis
904 1583 975 1634 utar,
994 1570 1094 1621 habitus
1111 1580 1151 1620 est
1166 1568 1303 1619 indoctior.

247 1644 350 1694 teritum
367 1653 465 1708 tempus
482 1642 606 1699 refertum
632 1640 752 1689 adverbia
768 1646 823 1691 unte
898 1644 1001 1704 Erpo-
1014 1642 1151 1703 lloruentstl,
1166 1640 1427 1699 doceantque-pu·

247 1720 274 1759 et
288 1716 341 1772 post
357 1709 435 1758 rarius
449 1708 584 1775 iunguntur
601 1724 657 1757 cum
670 1707 822 1769 accusativo,
847 1710 955 1772 trabatur]
975 1708 1049 1772 lingo,
1068 1707 1084 1759 i.
1095 1722 1117 1755 e.
1136 1704 1196 1755 iude
1213 1704 1308 1753 lactum
1322 1712 1371 1762 est,
1388 1712 1426 1751 ut.

266 1775 428 1893 aquigqqficat
439 1792 584 1893 ffinrnmmt
599 1774 746 1904 temppqi'q’:ae
754 1784 784 1827 ut
797 1774 823 1824 in
849 1775 890 1825 Sia
912 1773 1018 1854 d⁰.Fi¹¹'
1037 1775 1068 1823 11.
1086 1771 1117 1823 11
1127 1768 1202 1889 ’Affld
1227 1773 1294 1850 Ergo
1311 1778 1372 1820 ueta
1383 1778 1426 1887 ⁸¹epp

247 1862 261 1893 a
297 1861 339 1893 unc
371 1858 438 1893 dom
479 1858 503 1894 ss
518 1860 561 1892 mo
586 1858 644 1900 uus,
747 1856 824 1893 uon·
849 1852 974 1893 seutentaa
996 1850 1110 1891 veterum
1156 1856 1184 1889 ca
1204 1853 1357 1889 emteorum:
1417 1853 1426 1885 r

247 1926 290 1961 reos
316 1919 388 1958 uatus
424 1914 464 1975 (r.
489 1912 568 1960 Hand.
592 1908 700 1960 Turseli.
727 1908 784 1960 Vol.
804 1911 822 1958 Ι.
848 1913 912 1974 Ergo
928 1894 1021 1959 lmstra
1035 1926 1050 1958 a
1064 1909 1120 1961 VV.
1133 1908 1188 1957 111).
1206 1905 1367 1957 sollicitatum
1380 1914 1426 1954 est.

248 1996 274 2045 p.
292 1974 372 2042 372).
414 1976 487 2027 Plura
510 1977 680 2045 reperirentur
701 1975 824 2042 exempla,
849 1978 881 2029 V.
898 1980 1009 2027 Goersns.
1046 1978 1124 2027 l'orru
1141 1974 1256 2025 attendas
1272 1973 1306 2025 ad
1321 1982 1426 2039 tempo-

245 2045 360 2162 qqqsibqqu
375 2044 461 2161 paqcis
475 2044 538 2160 lupide
552 2044 706 2161 upcmatirqs
720 2043 823 2161 abbqui-
848 2044 1068 2161 rqmrariqtatem.
1094 2047 1234 2161 isuram
1241 2036 1368 2123 ἀορίστως
1373 2056 1426 2159 lquo-

275 2130 295 2162 η
362 2128 744 2163 conraco.emererua
798 2128 1027 2161 1-srumum
1086 2128 1102 2160 u
1235 2124 1251 2158 u
1330 2143 1339 2157 .
1410 2134 1426 2147 ·

247 2197 305 2229 vum
322 2190 432 2229 mutatus
448 2189 527 2241 esset,
554 2190 582 2229 ut
601 2178 633 2229 de
648 2181 707 2229 Sen-
723 2174 756 2239 6,
776 2174 821 2229 lfi:
881 2149 990 2229 rfecdum
1013 2113 1097 2228 adderis
1113 2146 1153 2227 e'at
1169 2124 1424 2243 comprimemus.

246 2248 308 2297 haec
330 2247 372 2297 ille
398 2246 449 2313 egit
472 2257 571 2313 septem
592 2256 619 2297 et
641 2244 729 2297 decem
748 2262 823 2298 uanos
866 2265 906 2296 .e.
922 2243 1164 2314 quodreferendum
1177 2252 1215 2294 est
1226 2243 1259 2293 ad
1269 2242 1339 2295 aliud
1349 2240 1424 2309 quid·

265 2325 306 2365 ost
322 2315 427 2365 alterum
444 2314 612 2365 consulatum:
630 2312 674 2363 ubi
690 2330 822 2381 perperam
847 2314 915 2365 dam.
950 2314 999 2364 lles
1015 2322 1107 2381 sponte
1130 2310 1276 2379 apparebit,
1302 2310 1324 2360 si
1341 2310 1422 2361 locum

246 2333 338 2447 ldgitur
352 2386 431 2433 onnia
464 2384 545 2443 Quem
560 2390 645 2431 autem
657 2379 741 2431 locum
757 2385 822 2433 Orel-
847 2382 883 2432 itu
897 2381 1055 2433 dissolveris:
1074 2383 1103 2431 ln
1113 2380 1219 2431 Graecia
1232 2378 1318 2429 mersici
1330 2376 1423 2429 florue-

245 2453 291 2499 tius
306 2449 338 2499 ud
353 2450 378 2499 h.
388 2449 405 2499 l.
424 2446 522 2498 addidit
532 2448 610 2499 Cicer.
623 2446 657 2497 ad
666 2447 742 2498 Attie.
754 2450 821 2501 Vlll.
847 2459 913 2509 runt,
928 2465 1002 2512 quum
1013 2466 1099 2499 omues
1109 2446 1229 2497 musicam
1239 2449 1363 2508 disoennt,
1379 2460 1424 2495 uec

247 2516 293 2574 11,
311 2516 343 2566 3:
370 2515 432 2564 fecit
446 2514 513 2565 idem
529 2514 726 2573 Themistoclem
744 2542 779 2555 —-
795 2526 822 2566 at
848 2522 1023 2578 —puturetron
1048 2516 1088 2567 Cl.
1104 2515 1232 2565 Adnotatu
1245 2514 1272 2563 iu
1286 2510 1361 2573 eto,
1377 2508 1422 2563 72:

246 2581 313 2630 idem
324 2581 431 2631 Periclea
449 2598 500 2632 nou
520 2582 582 2632 teuit
597 2598 687 2633 annum
703 2582 757 2632 lere
770 2589 824 2645 port
848 2584 883 2633 ita
900 2583 966 2633 euim
979 2588 1086 2635 censebat
1099 2582 1183 2649 itaque
1198 2584 1317 2633 disseruit.
1348 2578 1423 2639 etta,

244 2652 473 2711 quinquagesimum,
488 2650 514 2699 in
529 2667 560 2700 eo
576 2650 731 2701 accusativus
742 2649 824 2716 signi-
847 2647 888 2702 86.
908 2660 934 2700 et
952 2668 998 2701 uoa
1014 2653 1039 2701 in
1057 2652 1103 2702 Gr.
1117 2652 1148 2700 L.
1167 2646 1261 2715 §.107,
1277 2644 1304 2699 7.
1338 2646 1423 2699 Parti·

245 2716 304 2765 licut
319 2716 507 2767 diuturnitatem
522 2718 650 2785 temporis.
685 2719 716 2768 V.
734 2735 780 2767 uos
797 2717 824 2767 in
848 2718 904 2769 cula
919 2718 995 2768 affixa
1012 2735 1056 2782 que
1070 2719 1121 2769 vim
1141 2717 1218 2767 babet
1240 2713 1422 2781 explicatirum.

247 2784 358 2836 Granum.
376 2785 406 2833 L.
424 2787 446 2851 §-
463 2783 520 2833 115.
537 2782 644 2836 not.26.
682 2787 720 2835 De
743 2785 823 2851 signi-
849 2787 885 2836 uti
900 2785 1056 2852 saepissime:
1076 2786 1108 2837 de
1123 2802 1172 2852 qua
1190 2801 1218 2835 re
1233 2781 1301 2833 intra
1315 2782 1350 2833 etl
1367 2780 1422 2843 e‘t,

244 2850 500 2969 {ilcaqrqnqssvombuli
524 2856 614 2914 aliquot
637 2870 661 2905 r.
678 2852 772 2904 Adnot.
790 2853 823 2903 ad
847 2851 872 2905 4.
889 2870 1050 2920 exponemus.
1085 2853 1198 2934 Denique
1212 2851 1238 2901 iu
1252 2850 1336 2932 verbis
1349 2853 1422 2903 disat·

245 2956 278 3106 or·
294 2956 368 3105 quisqu
379 2958 553 3107 Ξάπιουὶαηιι
556 2990 658 3067 Ι13111111]
686 2987 728 3105 {ic
753 2998 821 3105 reqqe
846 2922 1184 3107 ildrniqidsiilpd'ddqeidrptdldd
1197 2923 1320 3047 ἐπειὴ
1331 2916 1423 3103 lm

244 3133 271 3169 et
296 3090 421 3173 noudullis
440 3091 513 3173 'edd'
529 3072 822 3191 qqptquqrqrunquqqmi
845 3058 1422 3187 1)ζῖἑῖἱιιῖειιιῇἳιῖηᾚῃὲΐὲἒῖοΐρᾙὲωίῖἶ

243 3186 332 3237 edidit.
365 3188 495 3239 Falluutnr
519 3193 639 3242 Ernestr'ns
664 3200 690 3242 et
716 3194 821 3254 wolfius,
843 3191 911 3241 tibus
924 3196 1009 3242 musici
1022 3195 1157 3256 storum.
1179 3187 1422 3239 Sdlieethandraro

243 3270 320 3368 quqm
329 3252 600 3369 pququampersectum
610 3259 760 3309 latinitatem
770 3275 819 3324 po-
845 3259 993 3338 pronomiuq
1015 3258 1126 3338 neutriqs
1149 3256 1247 3324 generis
1267 3254 1304 3306 ita
1320 3271 1421 3335 P‘lwl'

242 3324 819 3459 munandansinarasse:
844 3336 1033 3462 aaran
1056 3333 1195 3460 {tuneo
1209 3322 1421 3458 :nt

242 3454 310 3521 quod
323 3464 408 3506 tuetur
424 3456 538 3507 codicum
552 3460 687 3509 anactoritas
721 3459 819 3526 signifi·
844 3461 977 3511 verborum
1001 3460 1072 3510 latet.
1107 3459 1226 3510 Similiter
1247 3458 1315 3509 iufra
1330 3460 1362 3509 ll.
1378 3452 1419 3515 27,

242 3531 291 3581 cat
306 3522 501 3575 Themistoclem
515 3526 603 3577 eodem
616 3498 735 3592 tempo'ris
751 3542 818 3591 pun·
843 3522 889 3575 66:
908 3527 933 3575 iu
948 3542 974 3576 eo
989 3526 1174 3593 persequendo:
1193 3525 1236 3577 ubi
1251 3542 1275 3577 r.
1291 3524 1355 3576 adn.
1380 3522 1419 3573 Gi.

241 3590 629 3709 lqtnq}tuqqoesslsyormptireqqqqurg'3
652 3592 819 3707 iqqlpcqqrem
845 3592 895 3641 Cic.
905 3595 984 3709 ddum.
1002 3593 1052 3654 20,
1069 3592 1115 3645 68:
1143 3591 1240 3645 etiarnsi
1263 3590 1419 3659 quorundam

240 3730 294 3771 tuta
311 3721 335 3770 in
352 3738 374 3771 ο.
389 3693 496 3781 35,’86;
517 3674 638 3789 Podopeid
647 3759 655 3783 ,
673 3694 759 3774 nostro
767 3674 818 3775 nid·-
842 3676 904 3776 {ardui
914 3676 944 3777 iit⁸
954 3670 986 3778 sed
1004 3671 1159 3796 {giraudii
1168 3666 1419 3777 3ιίξέᾞεῖ

241 3787 345 3849 miliari,
372 3804 446 3851 quoru
463 3788 574 3853 graviter
593 3797 725 3854 demoleret
745 3793 815 3842 Nea·
839 3803 885 3843 tuo
901 3794 1019 3846 maiorem
1036 3813 1104 3845 esse:
1129 3795 1171 3846 ubi
1188 3796 1280 3845 frustra
1295 3796 1419 3845 Sobddtttts

240 3856 310 3923 poli,
335 3855 421 3905 melius
436 3861 470 3907 est
485 3858 583 3918 fudam.
618 3858 723 3908 Fallitur
740 3859 815 3909 etiam
841 3860 907 3912 coui.
930 3866 968 3914 iis.
1004 3864 1043 3913 cf.
1061 3866 1182 3915 Bromium
1202 3860 1235 3912 ad
1260 3862 1337 3911 Gora.
1353 3858 1418 3909 Ne.

242 3926 430 3986 albitudine,
446 3940 521 3991 quum
537 3923 563 3973 iu
578 3926 691 3987 Quaestt.
707 3925 815 3977 Tulliae.
840 3928 952 3981 Timotb.
972 3932 981 3979 l
1015 3928 1041 3980 ².
1066 3940 1092 3980 et
1109 3947 1156 3980 uos
1173 3930 1199 3980 in
1215 3928 1259 3979 Gr.
1276 3928 1307 3978 L.
1324 3924 1374 3994 §.l

240 3990 358 4057 Liegnitii
377 3986 452 4041 1839.
470 4007 495 4057 p.
505 3991 560 4041 Vll.
578 3992 757 4060 imperfectum
773 3993 816 4045 ni·
841 3996 902 4047 Not.
914 4015 936 4047 a.
971 3968 1014 4047 Sia
1030 4014 1105 4063 saepe
1121 3998 1189 4064 apud
1208 3996 1328 4046 Graecos.
1364 3992 1418 4043 lle·

239 4054 275 4105 hil
299 4059 369 4109 uliud
389 4058 500 4109 indicare
525 4070 623 4118 monet,
650 4060 698 4111 nisi
713 4062 816 4112 solitum
840 4061 1227 4128 rod.vt,105:tttaomrrtum
1240 4090 1274 4103 -
1287 4055 1419 4131 η’μῐρο·

240 4137 295 4171 esse
303 4125 499 4176 Themistoclem
511 4125 537 4175 in
550 4126 630 4193 epulis
644 4144 757 4178 recusare
772 4128 816 4194 ly·
841 4127 967 4197 δρόμον
983 4130 1071 4184 τεκαὶ
1086 4132 1187 4185 τοῦτο
1206 4130 1267 4196 [hoc
1276 4126 1418 4207 negotium)

239 4204 308 4245 tumr
327 4208 383 4240 nam
399 4191 420 4239 si
436 4193 514 4242 semel
527 4192 556 4243 id
571 4194 674 4244 fecisset
690 4195 747 4256 'I'h.‚
765 4211 814 4245 non
842 4199 993 4262 μελετῶντα.
1037 4197 1110 4249 Plura
1136 4197 1283 4264 collegimus
1308 4212 1336 4246 ru
1362 4212 1420 4245 aur-

237 4264 370 4317 recusuret‚
386 4257 432 4307 ord
447 4266 576 4313 manasset
591 4260 737 4312 Ciceronem
751 4262 814 4312 seri-
840 4264 922 4328 pliore
946 4265 992 4315 Gr.
1010 4266 1053 4317 Gr.
1070 4264 1128 4317 Vol.
1142 4267 1175 4316 11.
1200 4268 1223 4331 5.
1234 4260 1293 4315 122.
1318 4258 1418 4313 Noua„

239 4330 340 4386 pturum
352 4323 436 4372 luisse.
461 4327 640 4392 Imperfectum
651 4346 696 4395 per
708 4346 736 4379 se
748 4346 815 4379 unn-
841 4347 865 4395 p.
883 4326 925 4383 46.

255 4404 312 4437 uum
341 4389 470 4468 significat·
490 4395 667 4459 repetitionem
697 4396 812 4447 actionis.
891 4398 912 4465 ᾗ
923 4396 947 4447 5.
965 4400 1024 4448 nibil
1035 4402 1207 4450 mathematicis
1216 4396 1346 4463 idusbius]
1354 4397 1422 4447 Nihil

264 4470 327 4521 eque
352 4458 546 4517 Quinctrlrauum
575 4461 643 4511 hunc
670 4462 754 4513 locum
779 4464 814 4515 ite
839 4473 867 4513 et
881 4463 1088 4530 interrogativum
1104 4468 1162 4530 quid
1184 4484 1212 4517 sa
1246 4462 1312 4515 ede
1326 4478 1422 4530 penu-

236 4522 383 4602 dempsisse,⁸
404 4523 480 4576 dooct
496 4529 603 4578 Ktotu'us
620 4528 646 4579 in
663 4528 731 4581 Add.
766 4530 813 4581 .5.
839 4530 878 4581 nis
893 4540 1033 4597 ponuntur,
1050 4533 1148 4599 plerum
1166 4550 1197 4584 ue
1211 4482 1269 4583 despuat
1283 4546 1422 4599 cumpun-

235 4588 314 4642 alleto
330 4607 361 4640 ex
376 4588 420 4641 dlo
435 4591 493 4645 loeo
510 4596 541 4660 (1.
559 4595 599 4658 10,
615 4593 676 4663 tu),
695 4547 814 4649 ubilisec
838 4596 892 4650 tiro
910 4598 1049 4651 coniuncta.
1076 4600 1116 4651 (11.
1132 4550 1176 4651 ill.
1195 4599 1236 4659 10,
1249 4596 1292 4649 Ὦ.
1312 4596 1356 4659 12.
1369 4592 1419 4649 27:
