2888 5512
231 302 295 361 :luti
672 312 795 360 urana
816 311 856 358 ιν.
870 305 916 365 37.
936 307 977 358 ru.

235 431 337 495 scendi
360 431 435 507 vim,
460 430 598 491 dillerant
613 429 641 489 iu
661 439 773 509 tenipus
794 428 888 504 aliud,
913 428 982 488 dum
999 427 1187 488 defervescat
1201 427 1257 488 ira.
1305 424 1398 488 lleler·

237 560 360 604 vescere
374 551 470 602 autem
488 549 568 600 certe
583 538 728 620 signifieat
742 538 878 599 ardorem
892 536 981 599 arrimi
995 536 1088 597 iuvita
1103 535 1220 598 ratione
1237 536 1397 598 excitatum.

239 650 358 733 linquo
376 650 445 711 illud
459 649 594 710 laudatur
608 647 772 730 Archytae,
798 647 845 728 qui
866 668 953 727 quum
971 646 1070 707 villico
1084 647 1177 708 lactus
1192 657 1276 708 esset
1292 646 1397 708 iratior:

242 760 315 837 Qun
337 767 368 822 le
389 758 502 835 nendo,
525 757 638 839 inquit,
664 758 878 838 accepissem,
901 757 964 818 nisi
985 757 1092 818 iratus
1113 755 1240 818 ennean?

319 865 494 931 XXXl'll.
542 876 593 930 79.
618 864 762 929 Uhisunt
784 887 856 947 ergo
880 866 947 942 isti,
980 866 1029 946 qui
1050 864 1234 927 iracundiam
1256 864 1355 926 utilem
1368 863 1402 925 di·

237 980 326 1041 curui
348 1012 391 1025 -
414 987 511 1060 potest
538 975 618 1038 utilis
646 994 713 1039 esse
737 976 874 1037 insania?
895 1010 938 1020 —
966 985 1016 1037 aut
1037 976 1224 1037 naturalem?
1270 974 1320 1036 An
1338 973 1405 1056 quic·

239 1108 325 1169 quam
345 1089 414 1149 est¹
439 1086 600 1149 secumdum
619 1095 770 1162 naturam,
795 1085 871 1167 quod
891 1086 947 1146 lit²
969 1094 1152 1167 repugnante
1168 1085 1307 1146 mitione?
1348 1081 1406 1163 Qun

238 1197 324 1259 ruodo
342 1207 458 1273 autem,
487 1196 511 1257 si
536 1195 678 1257 naturalis
704 1206 782 1256 esset
803 1195 864 1271 ira,
895 1205 945 1255 aut
962 1194 1036 1256 alius
1060 1193 1119 1255 alio
1141 1194 1237 1275 iringis
1260 1193 1406 1255 iracundus

237 1306 337 1369 esset?
358 1318 409 1367 aut
431 1306 516 1368 linem
535 1305 658 1367 haheret
679 1305 777 1387 prius,
809 1325 893 1385 quam
918 1313 998 1367 esset
1017 1303 1095 1379 ulta,
1126 1302 1291 1364 ulciscendi
1307 1302 1407 1364 libido?

237 1425 288 1477 ant
310 1435 474 1498 quenquam
498 1415 681 1498 poeniteret,
712 1414 786 1494 quod
811 1414 929 1475 lecisset
954 1434 1005 1494 per
1029 1413 1124 1473 imm?
1154 1421 1189 1473 ut
1209 1411 1404 1475 Alexandrum

237 1545 337 1609 regern
353 1526 499 1600 videmus,
524 1525 674 1606 quiquam
690 1523 887 1585 interemisset
901 1518 1022 1597 Clitum,
1049 1519 1225 1583 familiarem
1240 1541 1340 1597 suum,
1360 1519 1408 1581 vir

239 1656 307 1697 aee
333 1655 437 1696 manus
463 1633 620 1708 abstinuit,
653 1643 732 1694 tacita
760 1633 806 1694 vis
831 1632 884 1693 luit
906 1630 1087 1714 poeniteudi.
1134 1626 1252 1711 Quibus
1275 1630 1406 1712 cognitis,

238 1744 302 1825 quis
321 1753 384 1818 est,
409 1741 458 1823 qui
474 1741 602 1818 dubitet,
627 1741 694 1823 quin
713 1740 758 1801 hie
774 1760 890 1823 quoque
909 1751 1005 1803 motus
1021 1739 1109 1802 animi
1127 1739 1168 1802 sit
1187 1749 1262 1801 totus
1280 1739 1405 1822 apinahi·

306 1908 441 1957 xxxva.
478 1906 490 1956 1
511 1906 553 1957 Sic
567 1910 610 1957 Or.
628 1925 650 1957 c.
668 1909 699 1957 l).
717 1925 731 1957 e
748 1906 823 1957 codd.
842 1907 872 1956 ll.
890 1906 918 1955 Ρ.
937 1908 994 1957 Vnt.
1012 1904 1064 1956 Pal.
1077 1904 1120 1965 lh,
1148 1907 1193 1972 qni
1208 1904 1301 1955 hebent
1315 1913 1405 1955 noturu-

241 1980 286 2026 tem
304 1978 365 2025 hone
380 1980 505 2037 qaeiequnnr
521 1981 555 2025 eet
570 1992 604 2041 qv.
622 1975 673 2037 erl;
693 1974 758 2024 Gud.
776 1974 798 2024 l.
817 1975 848 2025 tt.
866 1974 910 2022 Gr.
928 1973 953 2022 b.
971 1991 994 2024 n.
1011 1989 1043 2023 nn
1063 1975 1134 2037 (hone
1150 1972 1218 2023 Gud.
1234 1972 1275 2035 ll.)
1289 1978 1408 2034 quicquan

241 2057 304 2105 επις
328 2043 442 2092 similiter
466 2041 510 2091 reli
529 2042 561 2091 ui.
595 2042 677 2107 Vulgo
699 2046 735 2093 An
752 2046 828 2104 quicq.
851 2056 899 2091 esse
918 2047 1008 2102 potest,
1033 2050 1100 2089 certe
1116 2038 1249 2089 dicendum
1265 2048 1319 2089 ent
1339 2045 1407 2101 potest

240 2059 570 2172 eue,v.ndt.46,l10.
604 2107 746 2159 2v.Adn.
871 2124 873 2129 ·

290 2228 415 2288 Archytae]
436 2226 462 2275 G.
481 2223 514 2274 de
531 2225 595 2290 Rep.
615 2226 633 2285 l,
650 2224 692 2276 its.
728 2226 811 2275 l'aler.
839 2229 945 2290 hloduiq.
970 2226 1003 2275 ed
1021 2226 1075 2278 rin.
1093 2227 1125 2276 V.
1140 2224 1191 2286 26,
1209 2224 1257 2277 76:
1286 2228 1324 2274 An
1343 2240 1405 2279 vero.

238 2292 339 2342 atenim.
357 2293 399 2341 tv.
413 2294 432 2342 l.
449 2302 498 2341 ext.
509 2291 536 2344 l:
554 2290 704 2342 Tarentinus
714 2293 812 2359 Archy·
838 2294 935 2359 iuquit,
953 2294 1081 2360 quisquam
1098 2303 1187 2362 potest
1204 2292 1325 2397 probare,
1345 2288 1403 2358 quod

240 2370 287 2420 tae,
305 2358 365 2407 dum
381 2374 408 2407 ee
425 2360 581 2425 Pythagorae
599 2360 739 2426 praeceptis
756 2362 813 2409 hle-
839 2372 984 2426 perceptum
1005 2388 1034 2399 -
1052 2377 1103 2411 non
1121 2361 1214 2411 habet.

239 2425 339 2493 tepenti
356 2427 453 2492 penitus
468 2425 601 2493 immergit,
619 2444 711 2493 magno
727 2428 813 2477 labore
889 2429 1208 2495 lantonisfltltpoenilendi]
1222 2429 1250 2477 ln
1260 2426 1336 2477 verbo
1346 2430 1404 2475 lento

241 2493 368 2560 longoque
385 2503 498 2560 tempore
513 2494 620 2543 solidum
636 2511 698 2572 opus
715 2494 813 2545 doctri·
838 2494 901 2544 lutet
919 2492 1040 2561 particuli
1053 2510 1111 2547 ttttm
1129 2496 1255 2546 retentu.
1292 2494 1330 2543 Cf.
1345 2493 1403 2553 Styl-

166 2583 177 2599 ·
241 2579 288 2611 uae
307 2560 464 2627 complexus,
499 2572 632 2629 postquam
657 2578 681 2610 m
707 2562 813 2628 patriam
838 2565 888 2624 sert.
906 2561 939 2610 ed
955 2561 1022 2611 Lael.
1038 2560 1063 2625 7,
1077 2562 1120 2615 23.
1134 2580 1161 2628 p.
1174 2564 1271 2629 ttusq.
1305 2558 1402 2626 Euripid-

240 2629 376 2677 revertitur
399 2646 429 2678 nc
453 2646 510 2678 retra
533 2646 577 2677 sua
595 2628 702 2678 revisere
720 2630 812 2695 eoepit,
840 2628 932 2679 Alcest.
950 2626 1015 2679 465:

239 2694 415 2742 animadvertit
433 2695 583 2759 negligentia
602 2696 677 2745 villici
697 2706 815 2763 corrupta
905 2696 974 2747 salua
991 2693 1074 2754 ἔλιπες
1091 2694 1207 2748 teuciac

241 2767 267 2807 et
283 2758 396 2821 perdito,
423 2760 570 2825 intuensque
594 2761 659 2809 male
682 2764 823 2815 meritumz'
908 2758 1003 2827 μολπὰν
1021 2762 1116 2829 μελέων
1134 2759 1241 2823 ἀοιδοῖς.

241 2826 406 2885 Sumpriesem,
422 2824 516 2890 inquit,
535 2833 585 2875 ote
599 2832 751 2888 supplicium,
767 2834 814 2879 nisi
841 2830 870 2880 V.
879 2846 923 2879 nos
940 2830 966 2879 in
982 2830 1025 2879 Gr.
1036 2831 1064 2879 L.
1079 2831 1102 2896 d.
1113 2828 1190 2889 131⁴.l
1205 2832 1231 2882 3.
1242 2830 1278 2893 bl.
1312 2828 1353 2879 Gr.
1362 2826 1399 2876 Gr.

152 2930 158 2939 .
240 2894 369 2943 meam
383 2906 472 2954 essent,
488 2892 651 2941 maluitenim
665 2893 813 2960 impunitum
839 2898 870 2947 T.
881 2898 911 2946 ll.
929 2898 949 2963 l
960 2896 1018 2950 754.
1033 2898 1092 2946 Not
1105 2898 1126 2949 l.
1145 2898 1201 2963 (Gr.
1212 2898 1292 2949 schol.
1306 2897 1329 2962 d
1338 2894 1398 2949 didi

239 2956 380 3017 dimittere,
410 2976 485 3026 quarn
509 2969 612 3027 propter
637 2960 699 3010 iram
715 2962 814 3025 gravius
892 2965 913 3030 ξ.
926 2964 966 3015 80.
984 2966 1092 3029 fidentio]
1113 2964 1251 3030 Cornpurat
1265 2966 1359 3016 oretttas
1372 2958 1400 3007 de

239 3025 306 3075 iusto
323 3025 418 3092 punire.
457 3030 551 3077 Seneca
568 3027 600 3076 de
613 3030 652 3077 lrn
670 3030 689 3089 l,
707 3031 746 3081 15.
764 3030 813 3080 hoc
839 3031 892 3081 lnv.
909 3032 939 3080 ll.
954 3032 995 3089 aii.
1012 3032 1073 3083 tiit:
1092 3034 1192 3094 fidentio
1207 3043 1261 3092 est,
1280 3048 1323 3098 per
1336 3041 1398 3095 (ΡΝ

239 3092 333 3143 dictum
351 3094 447 3144 Socrati
463 3094 558 3145 tribuit.
839 3097 934 3162 magnis
945 3108 971 3146 et
981 3096 1093 3147 honestis
1110 3099 1136 3147 in
1153 3099 1227 3148 rebus
1242 3095 1396 3161 multmnipve

286 3160 492 3213 einxxxvtt.
512 3160 584 3230 §.ru
602 3166 814 3226 Anqutequnrnert
838 3164 933 3214 unimus
946 3163 971 3213 in
987 3182 1015 3214 ee
1028 3164 1133 3215 fiduciae
1146 3178 1216 3215 certe
1233 3184 1289 3216 eum
1300 3181 1342 3231 epe
1350 3160 1397 3213 col-
1434 3172 1440 3203 ῑ

235 3231 364 3277 “eundum
378 3235 500 3292 naturum,
516 3232 578 3291 quod
594 3232 620 3292 fit
633 3232 695 3297 etc]
713 3231 756 3280 Sic
770 3247 813 3281 re-
836 3229 939 3281 locavit.
972 3232 1034 3281 atita
1057 3232 1119 3282 locis
1141 3233 1240 3283 Tollius
1262 3233 1311 3284 hoc
1332 3246 1396 3279 roce-

239 3303 279 3343 ete
290 3293 491 3355 ediditOrellius,
501 3297 537 3344 uti
546 3306 585 3345 est
594 3297 619 3345 in
632 3298 659 3349 li.
672 3296 737 3347 Gud.
752 3301 771 3349 l.
781 3299 812 3348 ll.
837 3297 897 3348 bulo
922 3316 973 3348 non
996 3310 1034 3349 est
1060 3316 1131 3351 ustus
1159 3302 1258 3365 conficio
1272 3310 1349 3351 entem
1364 3304 1396 3345 eet

239 3369 319 3425 qontt.
335 3364 397 3411 011.
414 3362 517 3430 aliisque
534 3380 581 3430 pro
599 3364 664 3431 vulg.
682 3368 744 3427 qued
761 3369 812 3415 stt.
837 3358 905 3427 ἅπαξ
921 3366 1071 3432 λεγόμενον,
1095 3366 1154 3416 huic
1169 3368 1271 3435 proprie
1283 3366 1351 3424 loco,
1374 3370 1397 3409 tt
1437 3379 1439 3384 '

241 3428 380 3495 Utrumque
405 3447 450 3496 per
471 3431 657 3498 grammaticum
676 3444 746 3483 reete
762 3431 813 3481 diei
836 3431 871 3481 ait
888 3437 978 3495 dieser,
994 3452 1010 3483 a
1026 3433 1078 3483 Cio.
1094 3432 1223 3493 effictum,
1246 3445 1274 3483 ut
1286 3434 1309 3483 in
1323 3427 1396 3494 expli·

273 3504 337 3555 test,
362 3496 408 3546 sed
424 3498 457 3546 nd
480 3500 629 3549 sententiam
646 3500 741 3567 aliquid
757 3499 811 3548 dit·
836 3501 934 3551 catione
948 3503 1059 3563 fidentiae
1076 3493 1395 3565 verbumemtdutiueri-

249 3568 302 3618 ert,
329 3571 411 3613 utrum
434 3565 596 3616 indicativum
620 3584 651 3616 an
670 3566 811 3617 coniuncti·
834 3577 907 3617 taret.
934 3600 937 3606 ·

237 3640 295 3673 rom
317 3643 407 3702 ponne.
451 3631 501 3680 Ubi
528 3633 675 3684 indicativus
700 3634 810 3701 ponitur,
884 3639 980 3685 scientie
1004 3637 1124 3697 quaedem
1148 3664 1183 3675 -
1207 3638 1286 3699 ophilo
1306 3628 1394 3697 nait}

237 3692 377 3771 enuntiatio
403 3695 506 3745 relativa
531 3698 637 3766 simplex
662 3702 810 3751 attributum
835 3706 936 3753 oretum
953 3702 1080 3766 observat,
1099 3702 1245 3753 Ciceronem
1256 3702 1283 3749 in
1296 3696 1395 3749 trede-

236 3759 351 3809 rocabuh
368 3764 495 3823 quicquum
511 3776 597 3815 notet:
616 3772 653 3816 Au
669 3767 809 3833 quicquam,
835 3768 948 3819 linitione
971 3769 1081 3820 Platonis
1110 3764 1250 3835 ἐπιστήμην
1274 3776 1301 3815 et
1321 3760 1393 3822 Mitti

237 3826 305 3893 quod
322 3829 348 3890 fit
365 3840 519 3896 repugnante
540 3834 651 3892 ratione,
677 3842 716 3881 eet
732 3842 809 3881 notu·
834 3836 971 3886 contraries
996 3836 1115 3902 copulare
1140 3848 1166 3889 et
1185 3831 1335 3885 confundere
1348 3844 1393 3878 ro·

237 3894 310 3944 nale?
336 3896 385 3945 Ubi
403 3896 575 3947 coniunctium
611 3898 710 3958 onitur,
727 3916 809 3949 enirn·
834 3901 915 3952 luisse.
943 3906 1027 3966 Opinio
1040 3908 1124 3966 pravis
1142 3914 1256 3971 estque
1272 3898 1395 3953 anieer·
1443 3919 1444 3930 ¹

235 3960 308 4011 tintio
326 3963 430 4013 relativa
447 3964 570 4030 significet
583 3917 691 4031 aliquid,
710 3967 777 4031 quod
795 3982 809 4015 e
833 3970 957 4034 gementis
974 3971 1069 4020 nititur.

235 4035 323 4074 natura
348 4031 384 4080 rei
407 4031 582 4099 consequitur:
617 4036 656 4081 An
677 4033 809 4099 quicquam
884 4044 959 4087 metus
975 4053 1065 4100 quoque
1078 4045 1111 4088 ert
1122 4036 1272 4105 diffiderdht]
1287 4028 1393 4097 Siclegl·
1443 4067 1444 4073 κ

234 4092 348 4139 neturale
365 4107 404 4146 eet
419 4102 454 4147 tte
469 4103 649 4161 conparatum,
676 4106 702 4148 ut
719 4104 749 4150 sit
766 4118 808 4150 re-
833 4112 875 4151 tnr
891 4102 917 4152 in
935 4104 1049 4154 omnihus
1067 4105 1143 4155 codd.
1164 4116 1191 4155 et
1208 4103 1266 4155 edd.
1281 4112 1336 4155 rett·
1344 4100 1392 4149 lla·
1443 4111 1444 4153 l

233 4166 361 4233 pnqnente
392 4164 509 4213 ratione?
553 4164 640 4215 Perad.
663 4167 689 4227 l,
720 4172 741 4233 q.
760 4164 806 4217 ld:
832 4168 925 4229 vicine,
954 4170 1042 4221 ordine
1068 4173 1205 4222 verborum
1231 4180 1335 4231 memo,
1359 4162 1394 4215 1Ῑο
1443 4224 1444 4227 ,

234 4222 405 4337 quequnmne
420 4228 510 4280 bonurn
525 4243 577 4292 eet,
594 4234 658 4295 quod
674 4248 725 4282 non
742 4251 806 4296 eum,
832 4234 925 4293 edidit:
938 4241 1173 4303 diffidentioquoque
1182 4248 1217 4291 ert
1231 4246 1315 4291 metet:
1328 4248 1395 4303 qum
1443 4240 1444 4282 l

232 4304 300 4367 quqn
335 4290 463 4353 possidet,
488 4297 618 4348 meliorem
634 4303 713 4362 {cdli
739 4300 764 4350 h.
782 4319 804 4350 e.
831 4304 993 4354 mutationem
1026 4307 1106 4356 secuti
1133 4318 1194 4357 sunt
1229 4304 1349 4359 amotio
1373 4308 1396 4351 ti

231 4372 377 4424 quicquam,
404 4362 467 4419 quod
484 4376 535 4410 non
549 4392 582 4400 -
596 4366 722 4415 meliorem
739 4369 806 4432 fucit,
831 4370 967 4421 Schiitciue.
995 4374 1135 4440 Perpetem.
1156 4374 1260 4441 opinor.
1286 4368 1397 4425 armti*

231 4423 325 4503 bonnm
340 4422 396 4473 eet?
415 4435 518 4475 contra:
537 4432 600 4490 quod
612 4457 647 4468 —
658 4436 733 4495 [noim
750 4446 803 4487 est:
831 4453 888 4486 eero
899 4438 1038 4503 exprimere
1047 4442 1155 4490 voluisse
1164 4440 1338 4493 videturhanc
1347 4452 1399 4489 sen.-

229 4508 392 4560 qmcquumne
409 4492 500 4544 honum
519 4506 557 4544 eet
578 4500 614 4547 tto
631 4509 805 4565 comparatam,
829 4503 947 4553 tentiam:
984 4508 1027 4556 Uti
1052 4508 1157 4559 lidentiu
1177 4509 1287 4560 scientie
1304 4506 1400 4577 quadr!

225 4569 250 4612 ut
275 4577 326 4613 non
351 4576 408 4611 eum
426 4592 458 4602 -
476 4563 604 4615 meliorem
629 4568 726 4630 {cocti
763 4570 802 4623 Cf.
829 4568 924 4635 nititur,
940 4572 975 4625 itu
983 4574 1138 4639 dillidentin,
1151 4568 1401 4646 praeterquamquod
