2888 5512
506 725 631 774 amaea
651 729 694 776 m.
714 730 763 787 ea,
782 731 822 781 aa.
1190 724 1250 787 tlt?

71 850 226 902 uenturus.
275 850 329 902 58.
359 837 504 903 Similiter
527 847 788 909 eornruemoramlis
808 851 952 933 exerraplis
974 852 1122 915 orbitates
1135 878 1251 939 epuloque

69 949 219 1011 liberum⁴
235 950 461 1033 praedicantur,
487 972 658 1035 eduramque,
683 956 732 1037 qui
743 956 863 1037 gravius
880 962 988 1037 terrant,
1013 964 1108 1026 laetus
1125 965 1249 1029 aliorum

66 1061 215 1142 exemplis
230 1060 398 1137 leniuntur,
423 1061 466 1123 sio
484 1065 635 1146 perpessio
655 1075 821 1127 ceterorum
840 1069 925 1146 lacit,
950 1082 981 1133 ut
998 1093 1051 1150 ea,
1077 1094 1151 1155 qaae
1169 1076 1248 1138 acei-

66 1169 184 1247 derint,
209 1170 301 1232 multo
320 1170 451 1247 minora,
476 1194 560 1253 quara
576 1185 683 1256 quauta
700 1175 759 1236 siut
776 1176 963 1257 existimata,
987 1182 1154 1245 rideantur.
1204 1183 1247 1248 lta

65 1282 97 1342 lit
112 1280 247 1357 sensim,
277 1280 474 1363 cogitantibus
500 1293 549 1358 ut,
574 1294 713 1365 qrrautunr
732 1285 772 1346 sit
785 1289 924 1350 ementita
943 1290 1063 1374 opinio,
1093 1307 1244 1378 appareat.

66 1390 167 1473 Atque
191 1391 246 1453 boe
269 1392 347 1494 idem
369 1402 400 1453 et
423 1390 576 1453 Telamo⁶
602 1393 650 1455 illo
673 1395 822 1458 declarat:

326 1505 391 1581 Ego
412 1524 496 1583 parram
516 1508 650 1581 geaaaa'0,

65 1620 99 1672 el
122 1608 276 1673 Tbttseuse

324 1726 450 1783 Fauiana
472 1744 577 1784 mecam
600 1730 808 1789 edaammrtadar
829 1738 970 1805 miserias,

62 1840 94 1893 et
108 1830 324 1915 Anaxa'goras:
349 1830 519 1910 Sciebatne,
542 1854 592 1898 aaa
602 1838 752 1918 pearua'sse
767 1843 946 1903 mrartulem.
993 1842 1032 1904 lli
1046 1845 1123 1906 euim
1139 1868 1242 1909 onaams

61 1940 115 2002 diu
131 1940 295 2023 cogitantes
308 1942 345 2004 de
360 1942 449 2005 rebus
462 1944 596 2007 laumauis
610 1946 823 2029 intelligebant,
836 1932 901 2011 ¹eas
916 1971 1097 2034 nequaquam
1114 1977 1166 2037 pro
1181 1957 1242 2039 opi-

61 2050 156 2115 nione
176 2050 255 2131 volgi
272 2071 340 2114 esse
363 2053 613 2117 extimescendas.
661 2054 701 2119 Et
720 2057 789 2119 mibi
809 2060 924 2142 quidem
942 2061 1058 2124 videtur
1077 2063 1152 2127 idem
1179 2069 1241 2127 tere

116 2160 270 2237 idereiis,
301 2162 349 2244 qui
374 2174 443 2225 anto
467 2165 661 2242 meditantur,
693 2168 769 2248 quud
790 2169 845 2246 iis,
876 2170 980 2253 quibus
1005 2173 1139 2235 medetur
1162 2174 1237 2251 dies,

61 2271 119 2333 nisa
159 2271 217 2333 uod
237 2271 314 2333 ratio
333 2273 473 2354 quaedam
494 2285 582 2335 sanat
599 2273 683 2353 illos,
714 2277 767 2338 laos
783 2278 845 2360 ipsa
868 2290 992 2358 natura,
1021 2282 1172 2345 intellecto
1189 2305 1237 2361 eo,

59 2381 138 2463 quod
233 2382 417 2460 ⁶nominet,
450 2383 576 2460 analeum,
610 2384 687 2466 quod
711 2386 859 2467 opinatum
884 2389 922 2449 sit
942 2409 1009 2450 esse
1031 2393 1237 2469 maximone,

58 2510 216 2575 aequaqua
262 2511 330 2555 esse
345 2502 476 2571 tanatum,
502 2504 533 2555 ut
549 2492 639 2556 vitam
658 2493 775 2557 beatam
791 2497 885 2581 possit
899 2508 1046 2560 evertere.
1095 2508 1146 2563 59.
1173 2500 1238 2563 lloe

129 2664 189 2719 «bv.
205 2668 270 2721 Ado.
305 2670 402 2721 anau.
418 2683 477 2721 ante
493 2672 565 2722 Grut.
582 2681 607 2722 et
622 2682 702 2739 quatt.
720 2672 858 2725 deteriores
878 2674 953 2725 codd.
972 2679 1082 2727 Telamon
1106 2679 1162 2744 (aut
1181 2680 1238 2729 Tbe-

60 2738 168 2797 deman).
199 2738 229 2789 V.
244 2736 278 2787 ad
294 2740 314 2789 l.
329 2735 373 2799 47,
392 2737 450 2789 113.
482 2734 500 2788 6
518 2758 541 2791 v.
559 2739 624 2789 Adn.

114 2836 192 2904 §.58.
223 2839 333 2905 mm]
358 2838 399 2889 Sic
415 2856 436 2889 e.
455 2840 501 2901 l).,
526 2842 637 2897 blaseio,
661 2845 735 2899 selei:
759 2850 810 2891 taes
827 2841 965 2893 ‹leteriores
984 2844 1057 2895 codd.
1076 2846 1172 2897 addunt
1189 2853 1239 2897 tum

58 2902 171 2971 Traga,
198 2906 242 2957 att.
264 2905 290 2955 in
308 2906 372 2957 aad.
391 2924 415 2972 p.
432 2906 485 2957 111.
511 2924 541 2956 ex
561 2908 590 2956 ll.
611 2910 637 2956 Ρ.
661 2912 883 2959 montaneaseieiet
898 2916 918 2960 et
933 2916 966 2961 rei
982 2918 1074 2975 sustuli,
1092 2931 1173 2981 neque
1189 2915 1238 2964 ali-

59 2972 127 3023 cod.
145 2973 166 3023 l.
183 2974 215 3023 ll.
238 2972 328 3041 scripsi
351 2991 398 3040 pro
416 2974 481 3039 rtalg.
500 2978 635 3025 liberarum.
661 2986 700 3025 ter
718 2977 763 3032 ll..
782 2978 826 3027 sed
844 2994 858 3025 a
875 2996 924 3027 sec.
941 2996 1031 3039 maau;
1055 2982 1099 3030 sed
1116 2999 1189 3049 qaum
1207 2982 1234 3031 11.

57 3042 141 3108 Saepo
162 3040 206 3091 illa
228 3040 311 3092 lamna
328 3060 343 3090 u
362 3040 468 3090 librariis
492 3042 636 3092 oblitterata
661 3062 730 3108 apr.
748 3062 780 3094 m.
799 3046 823 3093 P.
841 3045 906 3094 Gad.
925 3048 943 3095 l.
957 3047 987 3095 ll.
1006 3048 1061 3098 Vat.
1075 3050 1098 3101 b.
1115 3069 1130 3099 a
1148 3068 1185 3115 pr.
1202 3068 1234 3100 na.

58 3119 105 3159 ut.
147 3110 228 3159 Nam
250 3119 429 3159 commemorat
452 3110 522 3159 Verr.
545 3111 574 3158 V.
593 3111 635 3169 45,
661 3109 751 3177 aliique
774 3111 850 3162 oodd.
875 3112 937 3162 nilril
961 3114 1084 3177 habeant,
1115 3118 1161 3167 nisi
1186 3122 1235 3181 Epo

10 3230 13 3247 ,
60 3174 122 3227 illl:
148 3175 191 3225 abi
214 3176 330 3226 meliores
349 3175 424 3225 codd.
446 3176 577 3226 exhibent:
603 3177 635 3227 ab
660 3185 835 3243 adtemptari,
856 3198 930 3247 supra
946 3194 1027 3233 aretem
1043 3202 1065 3233 c.
1079 3186 1117 3243 13,
1133 3185 1175 3237 ⁴27.
1194 3185 1234 3233 ia-

10 3250 12 3255 '
56 3254 171 3295 mena
185 3252 324 3361 conspectu
337 3247 436 3293 liberum
452 3245 572 3303 exclusae,
589 3244 635 3294 sed
659 3255 730 3311 teger
743 3265 826 3297 versus
841 3266 895 3299 cum
908 3250 961 3299 aliis
977 3251 1087 3317 prolatas
1100 3253 1142 3309 ait,
1161 3252 1234 3301 Orel-

54 3310 234 3379 palirnpmtus
273 3310 385 3361 alienans
407 3314 533 3362 liberarum
550 3312 632 3373 babet,
659 3312 705 3362 lias
721 3332 775 3365 eam
791 3315 845 3365 aliis
862 3316 964 3383 reliqna,
981 3336 1043 3384 apuam
1060 3330 1147 3382 operm
1162 3318 1233 3381 glen-

54 3378 214 3429 ntiaanan‘
233 3378 360 3429 uituasffl
379 3380 542 3429 turaiucerta
558 3380 634 3429 taine
659 3383 748 3431 satoris
772 3401 870 3432 morarum
895 3384 1027 3441 redolent,
1055 3385 1124 3430 nareis
1149 3381 1235 3437 cinxit,

53 3444 162 3497 Klotzio
187 3446 213 3497 vi
231 3456 310 3497 eatae.
351 3396 400 3495 llic
424 3446 498 3496 allent
521 3447 591 3497 Verr.
613 3450 632 3496 l.
659 3464 705 3513 ego
722 3466 777 3497 enm
788 3449 877 3503 Gobii..
895 3451 967 3503 aloa„
982 3448 1088 3511 Tre—gd„
1107 3446 1193 3496 Klotz.
1210 3447 1234 3495 in

52 3513 86 3575 3,
104 3514 139 3567 7:
165 3512 211 3565 abi
231 3514 354 3580 seriptum
369 3516 466 3563 liberam
486 3530 535 3563 noa
552 3514 633 3563 solam
659 3514 723 3562 ndu.
735 3532 760 3579 p.
774 3512 829 3564 ll'd.
847 3514 919 3577 plane
933 3513 1022 3560 ‹leleri
1045 3512 1085 3561 (lt.
1102 3514 1233 3569 c.‘t·.¹,a'›3:

51 3580 148 3642 enda,
165 3581 212 3631 ned
227 3580 302 3633 mmm
318 3581 395 3631 Nonii
410 3600 434 3647 p.
444 3580 502 3633 365.
521 3581 633 3631 aaeton'-
658 3584 722 3629 llaee
738 3586 818 3629 anania
832 3582 898 3641 eidi,
916 3579 957 3627 ubi
976 3578 1028 3644 pari
1046 3580 1123 3629 modo
1141 3578 1234 3644 prioci-

49 3659 110 3699 tate
126 3646 294 3699 oonlirmator.
317 3648 367 3698 Sed
382 3648 430 3697 iam
447 3648 571 3698 Ciceronis
587 3666 633 3697 ae·
659 3647 726 3713 piam
743 3656 842 3696 tantam
861 3664 975 3695 vennam
993 3664 1016 3697 c.
1031 3646 1068 3708 19,
1086 3645 1126 3698 ·l.').
1146 3646 1234 3714 prola-

48 3725 111 3766 tata
125 3712 219 3765 horum
233 3714 394 3783 genitivorum
410 3716 434 3765 in
449 3732 490 3765 una
506 3732 551 3782 pro
566 3732 634 3765 mum
659 3725 741 3763 torum
760 3714 972 3764 commemorarit.

49 3782 225 3834 desinentiam
239 3800 306 3835 amam
317 3780 465 3901 Ramnetum
479 3783 633 3848 multumque
709 3782 823 3847 Futuras]
844 3784 884 3830 aa
902 3781 1013 3831 trimeter
1030 3782 1156 3833 iambicus.

51 3850 233 3901 consuetudini
256 3850 315 3903 datu
364 3869 432 3908 ease,
459 3860 545 3899 mearet
565 3850 633 3899 idem
708 3852 772 3910 qaod
788 3864 837 3897 rem
854 3850 962 3915 eontinet]
984 3849 1008 3899 iu
1027 3868 1077 3916 qao
1095 3850 1171 3901 cardo
1189 3863 1232 3901 to-

52 3922 172 3981 lt'lalaias,
189 3918 247 3969 eall.
265 3920 292 3969 (l.
309 3922 350 3968 Or.
365 3916 406 3977 td,
428 3920 472 3968 155
485 3936 522 3984 aq.
560 3917 631 3967 l'lara
657 3915 755 3965 tiusrei
774 3916 887 3965 vertitur.
923 3915 964 3965 ste
980 3917 1045 3967 iufra
1063 3918 1105 3966 lb'.
1126 3920 1167 3981 tn,
1183 3920 1231 3971 23:

51 3984 253 4053 suppeditabant
267 3988 429 4037 ltaddimann.
445 3988 505 4033 last.
521 3985 631 4034 Gramm.
657 4002 705 4050 qao
720 3983 833 4033 oratione
848 3983 1020 4050 praetermissa
1030 3985 1131 4035 minime
1145 4004 1231 4037 roemes-

51 4053 83 4103 1..
94 4055 114 4105 1.
131 4070 157 4119 p.
172 4050 230 4105 45⁸
250 4088 257 4101 .
283 4064 336 4103 ont.
352 4054 390 4104 tll.
422 4056 452 4103 Κ.
464 4054 491 4101 l..
505 4055 632 4102 Setrnea'der
656 4052 728 4109 saria,
748 4068 785 4109 ea,
803 4067 864 4113 qaae
879 4066 928 4100 rem
944 4056 1073 4114 continent,
1091 4064 1230 4119 pertracte-

52 4120 124 4171 sunt.
134 4120 181 4171 Gr.
194 4119 220 4169 d.
232 4070 355 4186 batbpr.
373 4120 403 4169 ll.
418 4122 435 4179 l,
456 4138 479 4185 p.
493 4118 571 4186 bllsq.
590 4119 630 4171 (11,
657 4137 718 4168 mars.
754 4120 801 4175 31,
820 4119 867 4170 bd:
887 4137 933 4169 uam
952 4137 990 4169 res
1008 4120 1106 4171 videtur
1121 4136 1232 4171 antissam

52 4202 98 4237 nas
115 4187 142 4237 in
163 4186 209 4239 Gr.
226 4188 255 4240 L.
272 4189 347 4253 615.
364 4188 461 4236 Nota.
656 4191 777 4237 continere.
803 4186 834 4235 Ν.
847 4188 876 4236 D.
894 4189 911 4235 l.
930 4188 994 4246 l,'d:
1014 4188 1082 4255 ‹paaaad
1099 4205 1159 4235 vero
1176 4204 1229 4233 ma-

100 4256 140 4305 lta
154 4258 182 4319 pt
197 4259 299 4317 mamm,
320 4272 371 4317 cop.
385 4262 426 4316 at,
450 4257 483 4319 a]
511 4254 552 4303 Sic
569 4254 631 4303 lraee
656 4255 721 4303 xime
738 4270 787 4303 rem
803 4269 957 4317 caussamque
973 4259 1078 4305 eontinet.
1117 4254 1232 4299 Ceterum

51 4320 130 4371 uerbo
145 4338 194 4389 ego
218 4340 239 4373 a.
261 4324 362 4373 ll'esenb.
378 4324 433 4371 Em.
447 4324 477 4370 ll.
495 4323 570 4387 p..’›.'r.
589 4321 630 4369 di-
656 4322 681 4371 io
700 4339 731 4371 eo
750 4337 822 4386 quem
840 4338 906 4371 rrnrre
929 4332 1064 4369 tractamus
1083 4319 1140 4366 loco
1159 4316 1231 4365 eodi-

49 4386 193 4455 stinxipeo
210 4390 291 4456 malg.:
315 4395 349 4441 tm
366 4393 392 4453 fit
406 4393 492 4440 sennan
507 4393 630 4449 cogitanti·
657 4404 712 4437 cam
727 4387 849 4454 scriptura
867 4387 940 4437 valde
954 4387 1095 4436 llaotaatar.
1120 4384 1173 4432 Nos
1188 4402 1230 4433 ae-

50 4458 110 4519 baa,
136 4462 176 4519 at,
199 4472 223 4520 a.
257 4458 387 4507 Sententia
408 4458 475 4507 enim
498 4466 534 4505 est
553 4455 628 4503 liaeo:
656 4455 706 4505 cuti
724 4472 806 4505 samus
823 4456 956 4511 (trebiam,
975 4452 1016 4518 qui
1032 4454 1231 4513 quadremeon·

50 4524 363 4589 manutenementum
385 4524 548 4591 [dehumann
567 4539 630 4573 eon·
655 4528 726 4585 tinet,
759 4528 850 4574 malam
881 4520 961 4570 edidit
987 4537 1016 4567 ex
1043 4518 1094 4568 Pal.
1117 4521 1141 4568 a.
1171 4521 1256 4571 llall.‘

50 4588 159 4655 ditione}
184 4596 272 4643 aenaim
296 4598 357 4657 (raon
374 4593 458 4642 atatim
474 4602 499 4640 ut
518 4590 630 4656 cogitare
656 4592 725 4640 Mon.
743 4593 764 4641 1.
791 4590 900 4656 quinque
924 4591 985 4635 (lxx.
1009 4604 1055 4655 pro
1079 4586 1144 4653 vulg.
1168 4594 1232 4651 quod

50 4658 630 4777 l‘t‘ttldltll‘ll.llllll'dlll.
654 4657 1231 4775 lii‘lilmp‘lli.l⁰”i‘li'1'”il“²i³lilii

84 4762 91 4775 .
266 4746 289 4775 ιζ
705 4763 711 4774 .
754 4761 760 4774 .
799 4760 805 4772 .
881 4760 887 4772 .
922 4749 932 4771 ι
970 4759 977 4771 .
1012 4759 1018 4772 .
1065 4766 1068 4772 .
1106 4761 1112 4772 .
1140 4744 1145 4755 ¹

49 4792 162 4845 huma
181 4744 340 4857 intellilpebant
362 4744 422 4843 emi.
459 4796 496 4843 lle
519 4792 630 4842 colloca·
655 4792 796 4857 complures
817 4794 880 4853 qaod
902 4806 951 4840 rem
968 4795 1028 4842 illud
1044 4796 1156 4851 eontinet,
1181 4744 1231 4852 lim

51 4858 122 4911 [lane
136 4862 244 4913 vocatae
260 4868 287 4912 ut
303 4880 328 4911 r.
345 4861 377 4911 ad
397 4864 416 4912 l.
432 4865 465 4923 ll,
486 4860 522 4912 ts».
656 4861 687 4907 D.
704 4859 795 4925 aliique
812 4859 843 4907 de
863 4858 941 4908 Berrtl.
961 4859 1085 4908 searteatia
1101 4861 1164 4921 quad
1180 4872 1231 4908 rem

102 4930 242 4991 tanquam
256 4932 338 4994 pennu]
358 4927 477 4979 Nonnulli
492 4928 630 4977 (teneriores
655 4931 770 4989 eontinet,
793 4927 855 4976 illud
874 4941 922 4975 m..·
949 4926 1016 4992 quod
1040 4925 1131 4992 probat
1155 4924 1230 4973 etiam

47 4990 124 5045 codd.
142 5006 202 5063 post
220 5002 291 5059 amat
311 4996 408 5049 addunt
425 5002 476 5045 tam
491 4999 632 5046 mattarum
658 4995 717 5043 tl'es.
736 4994 789 5043 Em.
806 4995 823 5040 Ι.
843 4994 937 5057 p.¹td.,
963 4994 1005 5058 qai
1018 5008 1129 5042 errorem
1145 4998 1230 5037 natum

175 5126 188 5165 b
