2888 5512
235 312 299 381 ist
646 322 993 384 inscripsimus.

321 443 444 511 xxxl.
490 456 543 509 86.
568 442 646 508 Nam
665 459 696 507 ut
717 456 897 528 quaestuosa
917 455 1099 522 mercatura,
1133 446 1282 506 fructuosa
1313 441 1405 503 oratio

240 558 360 636 dieitur,
384 578 442 619 non
458 555 484 619 si
501 556 592 619 altera
609 576 726 640 semper
741 556 819 617 omni
834 556 957 632 damno,
987 554 1077 616 altera
1097 552 1199 615 onuri¹
1221 552 1405 636 tempestatis

240 668 403 735 calamitate
415 688 531 751 semper
546 677 648 743 uacat,
673 667 724 729 sed
740 667 763 729 si
781 667 869 728 nrulto
886 666 996 727 maiore
1011 686 1049 727 cx
1067 674 1150 748 purte
1165 673 1267 725 exstat
1282 662 1313 724 in
1330 672 1403 725 utra·

239 800 295 863 que
315 778 454 857 lelicitos3
479 777 523 839 sic
542 778 602 841 vita
623 800 680 839 non
699 778 792 840 solnm
812 778 835 839 si
854 778 978 857 nudique
995 777 1101 837 relecto
1123 773 1207 836 bonis
1227 784 1292 851 est,
1318 774 1368 835 sed
1382 772 1403 836 si

239 890 328 953 multo
348 888 458 951 maiore
474 899 504 949 et
519 889 656 971 graviore
672 910 711 950 ex
729 899 810 971 parte
828 872 904 949 boui
924 887 1121 970 propendent,
1147 884 1235 947 beata
1255 894 1338 946 recte
1353 882 1401 947 tici

239 1010 347 1085 potest.
394 1008 447 1061 iti.
472 997 620 1080 Sequetur
633 999 723 1081 igitur
738 998 866 1060 borum²
886 997 999 1059 ratione
1014 997 1061 1058 vel
1076 996 1111 1058 ad
1130 995 1307 1079 supplicium
1326 995 1404 1058 beata

239 1111 299 1174 rita
313 1110 449 1175 virtutem
465 1130 586 1191 cunique
601 1130 635 1170 eu
652 1109 811 1171 descendet
824 1109 852 1169 in
869 1118 994 1185 taurum,
1020 1106 1193 1185 Aristotele,
1220 1103 1402 1179 Xenocrate,

243 1219 424 1305 Speusippo,
447 1216 607 1282 Polemone
630 1219 814 1294 auctoribus,
840 1239 893 1281 nec
912 1240 975 1280 enm
997 1216 1108 1280 minis³
1131 1227 1180 1278 aut
1200 1216 1406 1279 blandimentis

240 1343 375 1415 corrupta
388 1330 516 1392 deseret.
555 1328 667 1393 Eadem
682 1326 875 1413 Calliphontis
889 1330 946 1391 erit
960 1326 1139 1410 Diodorique
1153 1328 1317 1404 sententia,
1336 1348 1402 1411 quo-

239 1463 303 1505 rum
320 1451 441 1524 uterque
454 1440 634 1504 honestatem
648 1441 690 1503 sic
704 1439 915 1524 complectitur,
940 1449 971 1501 ut
985 1438 1092 1515 nornis,
1117 1457 1193 1520 quae
1207 1438 1273 1500 sine
1289 1459 1324 1501 en
1337 1438 1403 1514 siut,

240 1552 351 1635 longe4
379 1563 459 1613 retro
482 1552 613 1634 ponenda
642 1562 772 1613 censent.
828 1548 945 1633 licliqui
971 1549 1079 1612 babere
1101 1568 1133 1611 se
1158 1548 1300 1611 videntur
1318 1570 1408 1631 angu-

240 1662 332 1741 stius3
357 1672 477 1724 enatant
494 1672 609 1723 tunren:
635 1660 800 1744 Epicurus,
825 1658 1024 1744 Hieronymus
1038 1670 1068 1721 et
1083 1660 1107 1721 si
1122 1658 1170 1742 qui
1184 1669 1267 1737 sunt,
1292 1661 1340 1744 qui
1356 1662 1403 1721 de·

307 1822 409 1871 XXXl.
447 1821 458 1869 1
479 1820 520 1870 Sic
545 1824 586 1870 Or.
604 1840 625 1871 c.
646 1820 701 1871 cod.
720 1822 777 1871 Urs.
803 1831 827 1869 et
846 1838 896 1870 uno
913 1823 973 1878 0x.;
1000 1821 1044 1870 reli
1063 1819 1086 1869 ui
1103 1824 1195 1870 omnis:
1240 1820 1290 1871 uod
1313 1823 1406 1888 recepit

240 1889 296 1947 Ki..
315 1906 380 1939 nunc
397 1899 480 1938 nutem
496 1888 519 1937 in
540 1888 605 1938 Add.
621 1887 710 1938 reiicit.
743 1888 760 1938 ’ἱ
778 1888 819 1939 Sic
833 1892 875 1938 0r.
893 1906 915 1938 c.
932 1888 1028 1938 cudi.
1044 1837 1069 1938 i.
1086 1905 1130 1937 sex
1148 1838 1403 1940 embolimaei.

240 1957 324 2008 Gueli.
341 1968 367 2006 et
381 1956 476 2023 aliquot
492 1955 548 2005 edd.
560 1966 636 2015 ναις
654 1957 695 2006 alii
711 1957 794 2017 codd,
812 1967 839 2005 nt
856 1958 892 2016 tt..
910 1960 1038 2019 bonorum5
1054 1956 1121 2023 vulg.
1138 1961 1251 2007 bononem
1268 1957 1314 2023 qsie
1329 1957 1404 2007 etism

240 2027 279 2090 P.)
314 2025 331 2076 3
348 2025 390 2075 Sic
407 2026 505 2091 egregie
522 2025 586 2075 cuni.
604 2025 681 2074 Bentl.
699 2036 725 2075 et
739 2042 796 2074 vere
815 2024 906 2091 legitur
921 2024 946 2072 in
966 2023 1070 2085 Geni,
1088 2024 1131 2091 qui
1146 2035 1232 2074 tumen
1245 2042 1348 2093 sequens
1360 2030 1402 2073 aut

241 2093 349 2153 omittit;
367 2093 442 2159 mrlgo
457 2104 482 2143 et
500 2110 585 2142 omues
603 2093 656 2141 sere
672 2092 746 2142 codd.
765 2091 848 2157 (etiem
865 2092 895 2141 R.
914 2092 951 2151 Ρ.)
969 2108 1022 2141 eum
1038 2096 1141 2143 minimis
1157 2094 1205 2141 bl:
1226 2108 1297 2159 quam
1312 2090 1400 2141 absur-

240 2160 297 2211 dam
317 2179 364 2210 scr.
381 2162 423 2209 Kl.
439 2159 534 2225 recepit
556 2160 699 2227 ingentique
715 2160 846 2209 verborum
871 2155 943 2208 turba
964 2158 1092 2219 defendit,
1119 2176 1187 2209 nunc
1201 2170 1283 2210 autem
1299 2158 1325 2210 in
1340 2158 1404 2209 edd.

239 2227 363 2287 desemit;
388 2230 431 2277 Tr.
447 2230 517 2277 minis
535 2226 737 2294 [blandimentis];
760 2237 786 2276 et
808 2231 878 2277 minis
900 2231 1020 2290 corrumpi
1035 2226 1125 2277 Latine
1145 2243 1195 2277 oon
1219 2228 1267 2279 dici
1283 2246 1342 2278 rere
1359 2228 1406 2277 ob·

240 2295 348 2344 serravit
368 2298 425 2344 Wes.
441 2296 493 2343 Em.
513 2296 544 2343 ll.
563 2310 586 2359 p.
606 2293 658 2355 ll.‚
702 2295 726 2344 ui
741 2292 831 2361 probat
850 2294 928 2343 Bentl.
944 2296 1110 2345 coniecturam
1127 2295 1185 2344 etl.
1204 2295 1231 2346 d.
1247 2314 1273 2363 p.
1288 2294 1315 2347 9.
1331 2297 1409 2346 multa

240 2362 352 2428 exemplu
367 2361 480 2419 contulit,
497 2361 625 2441 inquibus
643 2312 776 2413 alilrruriis
793 2362 880 2412 mediis
895 2362 1020 2412 vocobulis
1035 2362 1146 2431 syllabae
1160 2362 1248 2414 illatae
1263 2374 1330 2413 seint.
1357 2366 1407 2413 De·

240 2440 344 2498 pravato
359 2440 442 2479 autern
457 2434 528 2481 minis
542 2448 567 2479 ru
582 2434 701 2493 minimis,
717 2441 808 2497 sponte
823 2440 899 2548 putet,
918 2448 960 2480 cur
975 2437 1016 2479 eut
1031 2430 1147 2481 omissum
1161 2431 1203 2480 sit.
1241 2430 1323 2481 liebd.
1341 2436 1409 2482 mim-

240 2500 286 2549 inis
302 2502 376 2549 ddi:
400 2516 415 2547 e
437 2514 486 2565 qno
502 2499 650 2564 compendio
674 2499 749 2549 facile
771 2497 934 2565 inteligitur,
960 2498 1086 2566 quomodo
1109 2515 1140 2547 cx
1162 2504 1236 2550 minis
1252 2504 1341 2551 eutii
1357 2499 1408 2550 lieri

240 2565 350 2633 potuerit
367 2570 471 2617 minimis
487 2570 517 2616 ut.
551 2566 608 2617 ir.
627 2567 692 2618 Adn.

241 2668 400 2717 Eilendiurod
410 2667 441 2715 ‹le
450 2671 491 2719 Or.
503 2670 520 2718 l.
529 2667 673 2726 estvm.
684 2671 713 2719 ll.
725 2669 808 2735 pau,
834 2685 864 2717 ex
887 2684 899 2719 e
920 2678 1004 2719 netum
1027 2686 1095 2729 esse,
1125 2672 1158 2717 W.
1180 2668 1267 2719 multis
1290 2670 1406 2737 exemplis

241 2750 381 2801 perversum
395 2735 462 2783 illum
476 2734 535 2783 milri
551 2734 637 2784 tribuit
651 2736 809 2786 senteutiam.
834 2736 1026 2793 demonstr-mim
1045 2737 1079 2787 cl.
1095 2738 1125 2786 V.
1140 2740 1195 2785 Scr.
1215 2739 1257 2789 tv.
1275 2746 1300 2798 4,
1317 2744 1342 2789 ts.
1369 2743 1408 2789 ri-

291 2801 459 2851 CunXXXl.
475 2798 546 2866 eisd.
563 2806 718 2867 propendent]
734 2823 809 2869 prse-
832 2807 928 2855 sciere.
954 2804 1018 2854 coni.
1043 2803 1121 2853 edidit
1143 2808 1211 2867 tonpe
1234 2810 1262 2856 ei
1285 2812 1346 2857 retro
1365 2822 1404 2868 p.:

239 2868 394 2937 ponderent,
412 2878 439 2917 ut
454 2868 588 2935 loquuntur
604 2870 748 2934 posterioris
764 2890 808 2922 se·
834 2872 901 2938 quod
918 2872 996 2921 minus
1014 2871 1103 2939 plncet.

240 2937 298 2989 tatis
317 2936 458 3004 scriptores.
496 2934 567 3001 Apud
585 2937 730 2988 Ciceronem
749 2958 807 3006 pas·
884 2940 1014 3007 eripuistius]
1033 2939 1142 3005 pluribus
1157 2939 1350 2993 difficultatibus
1362 2959 1402 2991 ur-

239 3005 292 3057 sive
308 3014 406 3055 tuntum
427 3014 558 3069 usurpatur
573 3004 623 3055 hoc
640 3007 757 3069 verbum,
782 3018 809 3057 ut
833 3017 930 3073 genior.
954 3006 1241 3059 emarcescente
1272 3011 1337 3061 Dein
1351 3026 1402 3061 eeu·

239 3076 424 3138 praeponderari
440 3077 564 3125 ltonesiute.
597 3074 745 3141 Metaphoro
763 3076 811 3127 dn·
836 3082 885 3125 tunt
902 3086 939 3124 est
956 3076 999 3125 hos
1016 3074 1178 3125 difficultates
1196 3088 1326 3144 superent.

241 3152 281 3191 cta
298 3153 336 3191 est
353 3160 367 3191 a
386 3143 458 3192 libra.
491 3144 522 3193 V.
541 3159 616 3208 snpra
633 3162 654 3193 c.
671 3144 710 3209 l'i,
728 3146 769 3197 51.
886 3145 1011 3207 desertum]
1038 3141 1095 3210 quia
1120 3145 1171 3193 eius
1198 3148 1352 3197 sententium
1376 3145 1407 3195 de

290 3210 311 3273 §-
326 3209 368 3261 ei.
392 3213 474 3259 bomem
490 3210 590 3277 ratione]
609 3211 666 3262 Scil.
682 3213 811 3279 Peripate·
836 3228 931 3262 summo
949 3211 1016 3261 bono
1034 3229 1108 3261 nemo
1127 3210 1335 3265 Academicorum
1353 3208 1407 3280 p'ost

238 3275 359 3332 tieornm;
376 3279 496 3327 descendet
510 3284 535 3327 in
548 3284 658 3342 tanmem,
674 3280 727 3330 scil.
745 3281 811 3332 rua·
837 3296 893 3329 eum
908 3278 1029 3330 defendit.
1057 3283 1161 3331 Neidius.
1198 3282 1266 3331 Hinc
1280 3282 1313 3331 de
1329 3282 1406 3333 l'inib.

240 3342 339 3401 leridis3
358 3344 390 3393 ci.
408 3343 456 3402 26,
474 3344 515 3397 75.
835 3346 866 3407 4,
885 3349 928 3398 lli:
954 3347 1020 3407 Quid
1038 3366 1123 3397 censes
1147 3365 1191 3399 eos
1209 3367 1265 3399 esse
1290 3352 1407 3409 lecturos,

288 3426 330 3461 nee
344 3427 396 3462 enm
412 3417 483 3463 minis
500 3419 541 3464 ursi
557 3416 720 3467 blandimentis
733 3432 812 3467 eorru-
837 3414 878 3481 qni
903 3416 1003 3465 omnino
1028 3416 1145 3465 virtutem
1170 3436 1186 3467 s
1211 3416 1335 3469 bonorum
1360 3420 1407 3467 tine

236 3484 280 3540 pie
295 3479 392 3546 desem]
418 3480 450 3529 ll.
469 3499 490 3531 e.
514 3500 560 3531 nec
578 3482 650 3533 beata
669 3484 718 3533 vito
741 3490 810 3536 minis
835 3493 1033 3549 segregaverunt,
1056 3484 1200 3550 Epicurum,
1217 3485 1402 3553 Hieronymum.

238 3546 325 3595 doloris
351 3549 375 3609 la
395 3563 422 3596 se
445 3549 631 3613 repellentibus)
658 3557 739 3602 territa
762 3570 810 3601 nec
834 3549 1010 3600 illosctimnei
1024 3552 1248 3618 quiilsrneudetrna
1258 3551 1401 3603 finemtoeri

237 3614 363 3673 ootupmris
377 3616 540 3665 blandimentis
564 3617 605 3681 (ad
621 3636 648 3667 se
665 3621 810 3671 revocanti-
834 3617 929 3669 colunt.
948 3630 973 3667 et
988 3620 1019 3679 ¹2,
1038 3622 1081 3670 l'l:
1108 3620 1228 3673 lieiicitur
1248 3622 1323 3671 etism
1340 3620 1398 3668 Car-

238 3679 301 3737 bnsl
327 3685 436 3738 coneptu
461 3680 579 3731 virtutem
603 3684 635 3734 ad
661 3686 808 3752 supplicium
834 3686 938 3743 nendi-sa
962 3704 1009 3737 nec
1023 3687 1073 3737 ulls
1089 3686 1121 3735 de
1138 3688 1312 3739 summobono
1327 3685 1400 3745 ratio,

236 3744 436 3865 proficiscentem
467 3746 581 3806 deseret,
618 3751 654 3801 uti
681 3753 808 3818 eleganter
833 3764 876 3803 aut
892 3754 1036 3821 uriluptntis,
1054 3773 1104 3805 oon
1124 3754 1251 3807 dolendive
1264 3754 1400 3823 particeps,

255 3816 294 3867 .l.
318 3812 450 3882 explicarit
475 3817 575 3866 tierent.
593 3818 645 3870 Em.
658 3819 690 3869 ll.
714 3837 740 3885 p.
757 3822 806 3880 ll„
832 3831 875 3870 aut
890 3821 1026 3873 honestetis
1042 3840 1130 3889 expers
1146 3822 1296 3891 probabitur.
1319 3824 1354 3872 V.
1370 3823 1404 3874 de

237 3902 318 3952 comp.
336 3884 366 3933 V.
383 3882 414 3943 6,
436 3879 473 3935 li.
514 3884 595 3935 Tacit.
611 3891 676 3937 Ann.
695 3886 741 3949 ld,
758 3888 805 3941 dl:
833 3888 884 3938 cius
906 3890 1030 3941 sententia
1054 3908 1129 3957 supra
1153 3910 1176 3945 c.
1190 3892 1235 3953 dil,
1250 3888 1294 3945 lii.
1319 3891 1405 3962 ibique

236 3956 400 4005 ttondimmtir
423 3957 485 4003 vitm
509 3957 608 4004 evictum
632 3974 666 4007 se
692 3967 719 4007 ut
744 3959 808 4009 mori
834 3955 968 4007 Adnotatu.

236 4019 322 4069 nollet.
357 4021 410 4071 l'in.
425 4023 442 4069 l.
463 4022 543 4085 pti:
561 4026 682 4074 blanditiis
699 4042 724 4088 p.
741 4030 808 4078 cotn-
883 4029 954 4077 tiemo
968 4032 1001 4077 ssi
1016 4030 1085 4089 enim,
1102 4032 1159 4089 quin
1174 4032 1405 4080 verorumbmrorum

233 4090 433 4147 ptolomensem·
448 4100 520 4155 atque
537 4096 646 4154 corrupti.
680 4095 757 4144 Acad.
776 4097 806 4145 ll.
832 4092 950 4160 animum]
961 4095 1003 4144 Sic
1011 4095 1097 4162 scripsi
1107 4095 1140 4145 de
1150 4097 1230 4145 ilenti.
1241 4096 1310 4147 coni.
1329 4100 1402 4145 Vere

236 4151 325 4217 §.13st
357 4154 430 4205 Tusc.
451 4159 490 4207 lV.
507 4158 562 4224 §.li
593 4178 617 4225 p.
636 4160 701 4209 Geel.
718 4164 806 4223 §.tre
832 4165 894 4213 bone
911 4174 1069 4229 opponuntur
1086 4180 1170 4231 seqq:
1198 4180 1243 4227 eu,
1268 4166 1400 4229 quatem

236 4216 269 4267 de
283 4229 411 4283 zeugmate
427 4239 448 4269 v.
463 4240 535 4289 supra
553 4226 585 4275 ud
603 4230 633 4275 ll.
648 4225 695 4285 il,
713 4230 753 4279 37.
831 4258 864 4266 —
880 4232 1063 4281 videantur.
1106 4234 1198 4280 Omnes
1218 4232 1273 4281 iere
1289 4230 1359 4283 redd.
1377 4240 1404 4280 et

284 4288 350 4349 ionpe
373 4292 433 4335 retro
454 4294 574 4356 ponendo]
603 4294 677 4359 longe
701 4296 805 4359 posthc·
832 4297 899 4347 Non.
924 4315 950 4362 p.
964 4300 1012 4358 e‘t,
1030 4298 1071 4351 ti.
1094 4300 1131 4349 sic
1160 4298 1262 4365 legunt:
1291 4314 1356 4351 nme
1372 4306 1405 4350 esi

234 4353 323 4433 bendq.
344 4356 711 4431 ArrctorellserenberpioEml
729 4363 804 4428 pit).
830 4369 907 4423 enim,
931 4369 984 4427 qui
1007 4382 1113 4417 eorum
1135 4370 1188 4418 bon.
1213 4384 1257 4431 m,
1284 4369 1407 4421 sententia

234 4420 316 4473 delevi
338 4420 546 4501 et,·quod·1nter
564 4427 631 4489 iunpe
648 4437 673 4477 et
687 4435 747 4480 reiro
763 4430 803 4481 in·
829 4430 975 4481 reluctante.
1001 4434 1066 4484 Hinc
1076 4436 1104 4484 L.
1122 4439 1163 4497 qui
1178 4437 1328 4488 mominis
1343 4440 1409 4501 quin,

235 4490 366 4545 toriacum
374 4506 399 4540 m
409 4488 521 4569 omnibus
530 4492 604 4543 codd.
612 4492 709 4561 legitor.
725 4500 804 4563 Lonqe
827 4498 902 4566 idque
920 4498 970 4549 duo
986 4506 1046 4553 Oxs.
1064 4501 1155 4553 habere
1169 4504 1309 4557 videntum
1329 4505 1407 4557 lle-lid.

234 4566 296 4612 retro
315 4574 401 4625 ponere
424 4557 587 4639 dictumest,
613 4573 640 4613 nt
656 4567 802 4630 loupepost·
827 4570 922 4633 proque·
936 4567 1065 4633 habetqrn'
1078 4587 1140 4629 non,·
1155 4574 1198 4621 Or.
1214 4573 1247 4623 de
1262 4575 1407 4627 conisa.

233 4640 326 4691 ponere,
343 4634 429 4692 nntsp,
442 4629 538 4681 similia.
558 4630 624 4685 Elin
640 4633 713 4685 codd.
727 4653 801 4702 saepe
826 4634 901 4685 eriam
917 4637 1098 4703 Wesenberpio
1121 4642 1170 4691 Em.
1186 4644 1207 4691 1.
1229 4644 1315 4707 psi.
1342 4660 1404 4711 pro-
