2888 5512
446 702 800 769 presentemur.
1139 696 1204 762 413

23 822 138 905 (atque
152 819 239 885 etiem
254 819 361 906 pluru⁰
376 832 500 905 possunt
512 822 658 909 cecidere)
673 836 849 908 potestesse
863 828 991 913 sapiens.
1036 828 1114 893 Nem
1129 829 1202 895 haec

27 952 124 996 eosne
141 930 299 1017 importat,
329 931 377 1015 qui
400 933 430 995 in
453 933 613 1017 sapientem
638 945 736 1019 potest
757 936 921 1001 incurrere.
967 939 1008 1003 m
1030 939 1056 1002 si
1073 961 1108 1003 ca
1126 940 1204 1005 mele

28 1054 122 1121 snut,
147 1042 214 1125 quis
230 1052 325 1127 potest
340 1054 509 1127 praestare,
539 1065 655 1128 semper
669 1047 856 1131 snpientem⁷
876 1049 991 1113 beatum
1011 1051 1091 1130 lore,
1115 1072 1202 1135 quum

23 1154 77 1217 vel
98 1154 131 1217 in
148 1152 285 1217 omnihus
303 1152 348 1216 his
364 1175 422 1216 uno
440 1164 570 1239 ternpore
591 1177 658 1219 esse
679 1158 791 1241 possit?
833 1168 887 1223 30.
917 1158 987 1224 Non
1007 1160 1096 1245 igitur
1116 1160 1201 1225 facile

24 1264 167 1329 concedo
190 1283 286 1348 neque
307 1261 400 1327 Bruto
424 1286 489 1327 meo
509 1286 603 1349 neque
623 1268 824 1333 communibus
843 1270 990 1355 magistris
1015 1275 1094 1334 nec⁸
1118 1281 1201 1336 rete-

25 1376 113 1439 ribus
133 1375 211 1453 illis,
235 1374 408 1454 Aristoteli,
433 1372 615 1461 Speusippo,
638 1374 823 1459 Xenocrati,
845 1378 1016 1459 Polemoni,
1041 1392 1090 1460 ut,
1114 1403 1201 1464 quum

26 1508 86 1565 en,
110 1505 187 1571 quse
201 1506 290 1571 supra
302 1486 492 1563 enumeravi,
517 1486 545 1549 in
561 1488 645 1550 malis
661 1501 827 1569 numerent,
852 1491 938 1554 iidem
952 1491 1061 1569 dieunt,
1085 1512 1202 1576 semper

26 1598 150 1661 hentnm
168 1616 237 1661 esse
251 1596 425 1681 sapientem.
472 1596 555 1679 Quos
570 1598 620 1661 si⁹
640 1600 739 1663 titulus
757 1600 804 1662 hie
820 1601 945 1664 delectat
956 1602 1080 1685 insignis
1093 1613 1122 1665 et
1139 1602 1202 1686 pul-

28 1709 124 1787 cher,
146 1704 333 1793 Pythagora,
358 1704 499 1786 Socrate,
527 1706 651 1773 Plutone
670 1711 877 1794 dignissimus,
902 1712 1199 1792 inducantanimum,

25 1817 94 1895 ills,
112 1838 235 1903 quorum
251 1818 408 1903 splendore
424 1819 589 1905 capiuntur,
609 1820 701 1900 vires,
717 1821 926 1901 valetudinem,
945 1822 1198 1907 pulchritudinem,

28 1929 178 2009 divitias,
208 1928 357 2009 honores,
392 1950 463 2015 opes
494 1940 684 1994 contemnere
716 1952 828 2016 eaque,
869 1954 944 2016 quse
976 1933 1021 1995 his
1055 1934 1202 1997 conusrin

27 2040 138 2117 sint¹,
161 2060 215 2125 pro
231 2039 323 2103 nihilo
339 2040 464 2104 ducere:
490 2051 549 2103 tum
566 2052 703 2125 poterunt
717 2042 880 2106 clarissime
905 2064 981 2107 voce
997 2044 1144 2128 profiteri,
1167 2064 1200 2108 se

27 2170 129 2235 neque
160 2150 296 2215 lortunee
326 2149 435 2235 impetu
462 2173 517 2214 neo
548 2151 739 2215 multitudinis
767 2153 906 2237 opinione
935 2175 989 2217 neo
1017 2154 1118 2217 dolore
1145 2176 1200 2220 neo

27 2271 204 2347 paupertate
221 2260 324 2324 terreri
336 2262 490 2345 omniaque
500 2261 554 2323 sihi
570 2263 598 2323 in
612 2283 679 2325 sese
691 2283 758 2325 esse
772 2264 878 2346 positu,
893 2285 947 2327 neo
961 2285 1028 2328 esse
1047 2268 1200 2350 quicquum

26 2384 117 2435 extro
130 2392 214 2435 susm
226 2382 413 2457 potestatem,
437 2372 513 2456 quud
525 2372 631 2434 ducant
643 2373 672 2435 iu
687 2372 783 2435 honis.
830 2383 883 2437 et.
906 2371 1044 2437 *Nune*
1058 2386 1088 2437 et
1102 2376 1198 2438 hsee¹

24 2482 129 2567 loqui,
154 2502 229 2567 quae
243 2493 314 2545 sunt
326 2483 423 2567 magni
437 2482 587 2546 cuiusdam
606 2492 636 2545 et
647 2483 698 2546 ulti
715 2484 789 2562 viri,
814 2485 968 2562 eteodem,
993 2504 1067 2569 qnae
1082 2486 1199 2570 vulgus,

26 2592 60 2657 in
75 2591 164 2657 malis
183 2592 313 2656 ethonis
331 2614 505 2673 numerare,
527 2594 647 2657 concedi
666 2593 745 2657 nullo
766 2595 851 2657 modo
867 2605 974 2680 potest.
1021 2591 1088 2677 Qua
1106 2595 1202 2680 gloria

28 2712 201 2768 commotus
213 2700 357 2789 Epicurus
374 2704 519 2783 exoritur,
544 2704 591 2766 eui
607 2703 711 2783 etism,
736 2705 761 2768 si
774 2706 842 2768 dis³
860 2705 968 2790 placet,
991 2705 1108 2769 videtur
1122 2728 1200 2770 seru·

952 2830 967 2857 ἦ*

103 2878 121 2933 6
136 2881 179 2932 sic
193 2882 234 2933 Or.
250 2898 271 2933 o.
286 2880 409 2949 plerisque
427 2881 500 2933 codd.
515 2891 541 2931 et
558 2880 672 2949 optimis,
698 2892 725 2931 ut
740 2884 797 2933 Vnt.
814 2882 843 2933 ll.
863 2883 889 2933 P.
907 2872 972 2933 Gdd.
991 2884 1015 2935 l.
1033 2886 1064 2935 ll.
1083 2884 1133 2949 thie
1149 2902 1199 2936 om.

28 2950 115 3013 edum)
132 2950 156 3001 h.
173 2960 199 3001 et
212 2948 252 3000 ed.
265 2960 316 3000 vet.
333 2950 411 2999 Bouh.
427 2967 472 3017 pro
488 2949 553 3015 rrrlg.
569 2956 638 3013 utque
652 2954 724 3000 etium
738 2965 798 3013 quiue
813 2953 879 3012 pto.
897 2954 1017 3001 neddere:
1034 2952 1102 3018 quod
1115 2954 1199 3020 Wop-

29 3020 101 3071 kens.
116 3015 208 3087 ptttt.
224 3018 257 3067 ll.
275 3018 378 3084 probum
397 3020 425 3067 1..
444 3018 507 3068 conl.
525 3020 558 3067 od
573 3033 633 3081 quos
649 3022 721 3067 ettam
734 3022 806 3080 ptura
819 3034 844 3079 p.
859 3020 982 3080 cereum,
1000 3019 1128 3087 eleganter
1143 3020 1200 3088 qni-

31 3088 106 3145 dam,
130 3086 175 3137 sed
191 3084 260 3136 nolln
276 3094 381 3153 cogente
399 3087 553 3135 necessitate.
595 3082 612 3135 7
631 3086 672 3135 Sic
689 3090 730 3135 Or.
748 3104 769 3136 c.
786 3084 909 3151 plerisque
928 3085 1017 3145 codd,
1036 3087 1112 3137 etiem
1128 3088 1157 3141 li.
1172 3090 1199 3140 P.

33 3156 99 3205 Gud.
109 3153 132 3205 1.
146 3172 198 3273 pro
215 3152 283 3219 vulg.
299 3170 351 3217 top.
364 3168 436 3215 ιιιιιρ.
470 3152 487 3203 8
504 3154 545 3203 Sic
561 3157 603 3203 Or.
621 3172 642 3203 c.
658 3155 686 3205 ll.
703 3154 729 3203 P.
748 3152 812 3203 Gud.
824 3151 845 3202 1.
866 3156 896 3203 ll.
911 3152 935 3203 b.
950 3155 1052 3223 ullisque
1068 3173 1114 3223 pro
1133 3156 1199 3224 vulg.

29 3238 111 3287 πιιμι.
180 3222 224 3272 sic
239 3236 325 3271 omnes
340 3220 397 3271 edd.
413 3230 474 3270 vett.
491 3232 549 3270 ente
565 3221 645 3271 Gebh.
663 3231 687 3270 et
704 3222 776 3289 pauci
793 3220 930 3271 deteriores
947 3224 1031 3282 codd.;
1049 3225 1106 3275 Vnt.
1126 3226 1155 3275 ll.
1170 3228 1198 3276 P.

33 3291 98 3343 Gud.
109 3290 133 3341 1.
148 3292 181 3341 ll.
189 3290 214 3339 b.
231 3288 322 3357 aliique
338 3292 406 3351 Quod
420 3292 457 3339 si:
473 3288 518 3339 sed
551 3306 606 3339 uum
623 3290 696 3339 facile
712 3291 830 3351 Qvocst
844 3301 870 3339 et
880 3292 999 3351 Qvonst
1018 3293 1082 3342 inter
1096 3310 1123 3341 se
1139 3310 1199 3359 per-

31 3359 121 3409 mutari
136 3356 280 3426 potuerint,
298 3366 410 3424 apparet.
454 3355 526 3407 lsic
564 3359 613 3407 .P.
631 3356 696 3407 Gud.
710 3357 730 3408 l.
747 3360 779 3407 ll.
788 3357 812 3407 h.
831 3358 936 3423 aliique;
961 3362 1003 3408 Or.
1019 3376 1039 3409 c.
1057 3358 1121 3423 vulg.
1138 3365 1200 3408 mut.

29 3426 88 3478 tv.
104 3426 169 3477 Adn.
208 3424 285 3477 asic
300 3426 328 3475 ll.
344 3426 369 3474 P.
387 3423 485 3474 Gudl.
503 3434 528 3475 et
544 3424 583 3476 ed.
601 3427 648 3484 D.;
675 3425 764 3475 eodem
782 3424 850 3473 ducit
865 3442 913 3473 scr.
929 3425 1104 3474 nonnullorum
1126 3425 1200 3476 codd.

28 3498 138 3558 displicet
154 3510 200 3561 pro
218 3494 257 3545 dit
268 3496 361 3557 placen
379 3494 421 3542 Or.
439 3510 460 3542 c.
476 3493 541 3558 vulg.
557 3495 611 3543 diis.

84 3598 109 3663 ᾗ.
124 3592 167 3646 dl.
195 3595 378 3659 Nummhnec]
397 3593 603 3660 Hnecscriptura
628 3590 830 3645 c.El.ll.Guell.
846 3590 967 3640 unoLnll.
983 3590 1089 3643 hahent:
1108 3595 1199 3643 Num·

28 3662 172 3713 debetnrin
189 3660 603 3727 cnioldesenhsrptilssm.l.p.'25.l,.
627 3676 683 3724 que
698 3667 718 3709 et
735 3662 807 3720 hcse;
832 3661 898 3709 Petr.
918 3661 987 3709 Mon.
1001 3663 1023 3710 1.
1037 3662 1062 3710 ’2.
1078 3666 1141 3725 Aug.
1159 3660 1198 3711 ed.

28 3734 61 3781 ln
82 3732 113 3779 ll.
129 3730 156 3781 l’.
172 3678 239 3782 itud
251 3730 273 3779 1.
288 3732 320 3781 ll.
337 3730 417 3779 Murh.
435 3728 518 3778 Duish.
539 3729 603 3793 legi·
627 3730 654 3778 P.
672 3743 742 3777 nam
756 3730 816 3777 hunc
831 3734 852 3776 et
868 3730 925 3776 hoec
942 3728 1013 3793 (dog.
1031 3729 1100 3791 hocl5
1119 3729 1198 3780 Bentl.

29 3812 74 3849 tur
98 3801 144 3850 Nec
166 3800 227 3849 huno
241 3802 276 3861 st,
299 3814 380 3864 neque
400 3796 473 3846 aliter
496 3796 521 3844 in
545 3794 603 3845 edd.
629 3795 693 3845 coni.
708 3798 872 3857 nequeenim
887 3801 908 3844 et
921 3798 977 3844 hoec
987 3823 1020 3833 -
1035 3799 1100 3846 utto
1115 3812 1146 3847 m
1158 3813 1199 3861 με

31 3877 110 3925 vett,
140 3866 187 3917 nisi
207 3864 275 3934 qnod
293 3880 367 3929 osone
380 3864 473 3915 hebent
491 3881 537 3931 pro
554 3879 603 3916 nse.
629 3862 696 3931 quod
714 3865 743 3912 D.
759 3861 847 3922 eust,
864 3864 908 3911 W.
924 3861 1012 3923 ed.·2.‚
1030 3864 1102 3926 Sch,
1120 3882 1198 3932 nuper

32 3936 69 3986 De
88 3934 212 4003 frequenti
226 3934 363 4001 particulae
380 3949 442 3983 nunc
457 3932 482 3983 in
499 3931 604 3999 opponi·
628 3934 672 3983 Tr.
689 3941 851 3997 receperunt,
875 3939 900 3980 et
917 3929 959 3979 Kl.
979 3930 1004 3979 in
1020 3932 1085 3982 ndu.
1102 3949 1126 4000 p.
1142 3933 1197 3986 167.

31 4003 100 4053 tione
116 4020 161 4053 usu
177 4002 335 4069 exposuimus
348 4000 380 4052 sd
399 4002 441 4052 lll.
458 4003 481 4060 1,
496 4000 519 4052 2.
557 4000 603 4049 Di·
628 3999 727 4067 probet,
745 4015 848 4048 monens
864 4002 925 4049 enlm
942 4009 967 4048 et
981 4001 1042 4049 hunc
1056 4018 1100 4067 per
1115 4018 1197 4069 comp.

33 4071 65 4121 cit
81 4072 168 4122 Cicero
183 4070 247 4121 hoec
263 4068 329 4121 lere:
355 4070 417 4118 Sunt
430 4068 500 4118 multi
519 4068 603 4135 philo·
630 4068 668 4119 Β.
698 4066 790 4133 scripte
821 4066 895 4116 tacite
917 4068 1051 4133 permutari
1078 4070 1196 4135 potuisse,

32 4139 119 4206 sophi,
144 4138 200 4207 qui.
227 4136 275 4188 etsi
292 4146 395 4189 exteros
410 4137 475 4187 mals
491 4136 516 4186 in
533 4136 603 4186 mulis
629 4152 709 4202 comp.
729 4134 774 4184 Ed.
790 4135 911 4185 Wunder.
932 4136 983 4184 VV.
1001 4136 1084 4188 Lectt.
1109 4137 1197 4188 ecnd.

30 4216 168 4263 numerent.
185 4216 269 4257 tamen
284 4204 422 4273 cupientem
436 4222 534 4271 semper
549 4222 603 4254 esse
628 4204 680 4253 err.
696 4221 719 4270 p.
730 4204 834 4253 XXXV
842 4221 878 4271 sq.
896 4208 928 4253 nt
940 4208 987 4254 utto
1000 4204 1025 4253 iu
1036 4204 1108 4253 nullis
1124 4203 1197 4254 codd.

30 4274 132 4326 heutnm
153 4273 247 4323 dicunt.
280 4272 355 4337 Quod
377 4282 431 4322 tum
452 4273 551 4323 demum
568 4272 603 4322 eis
627 4271 731 4337 legitur,
757 4272 804 4320 nisi
828 4271 852 4319 in
878 4271 952 4321 vind.
965 4274 986 4321 l.
1002 4272 1025 4320 2.
1052 4280 1078 4318 et
1103 4270 1198 4335 aliquot

27 4342 146 4411 prr-‹ilnteri
161 4339 264 4401 licebit,
288 4340 309 4391 si
331 4340 439 4395 nuirnum
462 4340 605 4391 induxerint
629 4343 704 4397 Orx.;
722 4356 797 4404 porro
812 4353 853 4389 uec
868 4339 940 4387 facile
949 4354 979 4387 ex
993 4335 1197 4386 antecedentibus

29 4408 118 4459 omnis
139 4417 241 4457 exrema
260 4418 287 4457 et
304 4408 372 4461 Ιιοιιιι
391 4417 417 4459 et
433 4408 496 4459 mela
514 4419 605 4458 conte-
627 4405 715 4455 inferri
731 4405 827 4471 potuit,
849 4405 942 4455 librarii
960 4403 1032 4451 ‹rcrrln
1049 4403 1197 4464 aberrante,

30 4494 119 4528 mnere
136 4492 166 4525 nc
182 4490 230 4541 pro
252 4473 330 4525 nihilo
346 4476 443 4528 ducere.
477 4480 544 4528 Nune
560 4490 604 4525 (ιιι-
629 4472 735 4541 denique
749 4490 810 4525 nunc
825 4473 851 4523 in
866 4477 927 4522 hunc
943 4470 1044 4529 mutari,
1071 4482 1097 4521 ut
1112 4471 1198 4523 infini-

31 4552 77 4596 lttn
103 4544 157 4613 (νῦν
181 4542 240 4607 dil,
269 4558 342 4610 qnurn
363 4554 464 4595 externo
488 4544 553 4594 hona
579 4552 604 4593 et
628 4542 693 4591 tirus
710 4540 741 4590 nd
760 4554 851 4607 certnpr
871 4554 999 4605 personum
1016 4540 1158 4593 referretur.

31 4612 96 4663 muln
113 4623 139 4662 et
156 4611 181 4661 in
201 4610 274 4661 bonis
292 4620 319 4660 et
337 4611 363 4661 in
379 4613 448 4663 mulis
464 4621 602 4671 numerent,
679 4612 732 4670 Quo
745 4614 821 4673 pluria
833 4608 969 4673 commotus]
986 4608 1047 4657 lle.
1059 4609 1125 4661 cuius
1137 4629 1197 4662 sen-

31 4680 100 4731 rmllo
117 4680 194 4732 modo
212 4678 318 4730 concedi
335 4688 432 4747 potest,
458 4692 486 4730 ut
502 4680 604 4730 ethaeo
629 4677 706 4729 tentia
723 4676 802 4743 gloria
821 4693 841 4724 c.
877 4677 905 4725 V.
924 4674 955 4724 ad
975 4678 992 4725 l.
1013 4676 1058 4737 19,
1076 4677 1117 4729 ⁴5.

30 4748 176 4817 loquuntur,
203 4764 269 4815 quse
291 4746 361 4817 loqui
384 4764 434 4799 nou
457 4748 530 4809 licet,
556 4746 602 4797 nisi
678 4749 753 4797 stdis
768 4746 854 4807 ploret]¹
880 4743 995 4795 Formnla
1018 4744 1112 4796 ironica
1130 4744 1197 4795 indi-

28 4817 82 4877 cis,
126 4818 148 4865 ni
173 4816 235 4867 nihil
254 4816 346 4867 bonurn
363 4816 533 4877 essedicunt,
557 4814 603 4865 nisi
627 4814 754 4879 gnuntirrm
774 4823 799 4862 et
816 4814 1027 4863 contemnentium
1042 4832 1139 4879 semper
1155 4813 1197 4863 di-

28 4835 250 4955 qoodlrnnestnm
270 4885 320 4947 sit,
345 4884 408 4935 nihil
425 4884 530 4946 malurn,
555 4881 602 4935 nisi
628 4882 692 4931 citur
708 4880 734 4931 in
751 4898 779 4931 re
794 4880 949 4951 malm-quse
966 4881 1013 4929 diis
1030 4882 1129 4945 placere
1146 4896 1196 4930 non

26 4953 96 5035 pund
112 4965 186 5020 turpe
199 4951 247 5013 sit,
267 4963 293 5004 et
306 4952 410 5011 endem,
428 4969 491 5019 qune
507 4951 601 5020 vulgus,
627 4957 719 5015 potest.
748 4950 780 5001 V.
798 4948 919 5005 lichum.
934 4948 1033 4999 Dicente
1054 4950 1079 4998 in
1095 4949 1196 4998 Terent.

27 5038 55 5073 ιιι
77 5020 148 5073 melis
164 5031 191 5072 et
206 5020 278 5073 bonis
294 5030 434 5073 numerent.
468 5020 499 5069 D.
517 5030 543 5071 et
559 5023 601 5070 Or.
875 5020 896 5045 '²‘
