2888 5512
223 303 243 369 t
686 306 945 358 rsouaeonens.

223 460 305 501 scere
327 444 480 517 coeperat,
510 435 770 506 Romanorumque
789 429 877 487 animi
901 428 939 486 ad
962 428 993 486 id
1012 427 1144 486 studium
1165 429 1404 506 persequendum

223 542 293 601 satis
305 538 417 598 exculti
430 535 628 605 videbantur,
650 532 792 608 antiquus
805 551 905 588 rernm
922 530 1111 608 publicarum
1125 538 1220 588 statua
1237 531 1406 608 populique

222 643 372 719 ingenium
394 645 607 699 commutatum
627 635 716 712 plane
738 642 804 690 erat
824 642 914 708 atque
937 650 1126 689 conversum.

308 741 448 800 Omnium
471 741 532 797 sere
554 736 783 813 disciplinarum
807 733 979 811 philosophi
996 752 1012 789 e
1029 732 1153 790 Graecia
1171 735 1293 790 llosnam
1320 753 1404 791 cour-

222 845 427 923 migraverunt
451 841 553 916 ibique
576 857 687 895 sunrrrra
710 835 979 893 illustrissimorum
996 835 1132 892 virorum
1149 833 1339 912 perfruentes
1352 834 1401 893 di·

223 946 336 1026 gnitate
349 944 380 1001 irr
397 963 501 1001 eorum
520 939 658 998 domibus
672 937 766 994 sedern
783 957 866 994 suam
882 934 1023 993 fixerunt.
1066 936 1146 994 inter·
1159 956 1207 992 eas
1219 934 1403 1013 disciplinas,
1428 1006 1434 1011 ,

223 1068 299 1125 quae
313 1044 528 1105 studiosissime
544 1040 720 1101 colebantur
737 1059 753 1095 a
775 1038 925 1110 Romania,
947 1038 1023 1094 duae
1040 1036 1225 1115 potissimum
1241 1037 1403 1097 nominan-

222 1152 277 1207 dae
294 1157 381 1219 sunt,
411 1164 486 1221 quas
507 1143 595 1221 plane
615 1139 785 1200 contrariae
806 1148 909 1213 erant,
936 1139 1065 1196 Stoicam
1083 1138 1152 1196 dico
1170 1148 1199 1196 et
1217 1137 1402 1215 Epicuream.

222 1248 338 1309 Etenim
352 1246 398 1306 uti
413 1248 614 1305 Rornanorum
629 1241 780 1319 ingenium
795 1240 825 1298 in
838 1240 901 1298 vita
915 1248 969 1298 aut
983 1240 1019 1297 ed
1038 1239 1173 1297 tetricam
1189 1238 1340 1316 quandam
1353 1259 1401 1297 se-

223 1350 395 1421 veritatem,
417 1345 520 1405 autad
534 1344 656 1403 effusam
670 1342 823 1402 luxuriam
838 1341 1016 1416 inclinabat,
1038 1341 1080 1398 ito
1095 1341 1125 1398 in
1141 1339 1335 1419 philosophia
1350 1350 1401 1401 sut
1422 1396 1438 1407 ,.

223 1452 340 1512 Stoicae
357 1448 475 1508 scholae
496 1446 683 1525 asperitatem
706 1455 759 1503 aut
775 1444 939 1524 Epicureae
955 1442 1111 1501 mollitiam
1129 1441 1330 1519 anrplexatum
1347 1452 1401 1503 est·

222 1554 321 1612 Stoica
336 1550 509 1627 disciplina,
531 1566 632 1604 omnes
645 1556 783 1604 externas
797 1564 844 1603 res
858 1544 1005 1621 negligens
1017 1553 1106 1620 etque
1118 1563 1276 1621 spernens,
1297 1543 1402 1621 splen-

222 1655 297 1712 dore
312 1672 346 1708 ac
363 1647 577 1726 magnificentia
592 1655 819 1723 praeceptorum
834 1653 956 1717 ornata,
979 1644 1150 1702 excelsioris
1164 1643 1275 1722 ingenii
1291 1646 1401 1707 Rorna-

223 1774 292 1825 nos,
315 1751 368 1828 qui
383 1748 538 1826 pristinam
553 1746 633 1803 illam
646 1765 762 1803 morum
774 1745 978 1819 severitatem,
1000 1746 1175 1823 gravitatem
1189 1754 1279 1823 atque
1291 1744 1402 1823 ingenii

224 1851 413 1911 altitudinem
427 1848 557 1908 retinere
574 1857 604 1905 et
615 1866 676 1905 reru
691 1846 839 1925 publicam
854 1847 1005 1924 praeclare
1019 1846 1201 1923 honesteque
1215 1864 1319 1923 gerere
1334 1855 1401 1905 stn-

223 1955 349 2028 debant,
377 1951 503 2010 mirifice
524 1949 668 2027 capiebat.
718 1948 863 2027 Epicurea
887 1947 1093 2027 philosophia,
1122 1966 1198 2025 quae
1220 1956 1253 2006 et
1276 1946 1401 2024 cognitu

224 2056 295 2116 satis
311 2053 407 2113 facilia
424 2062 503 2127 erat,
524 2061 554 2111 et
568 2049 685 2110 blandis
698 2050 862 2129 voluptatis
877 2048 1023 2109 illecebris
1038 2050 1198 2124 invitabat,
1220 2048 1262 2107 eis
1278 2048 1403 2107 inaxiu'sa

224 2168 308 2238 grata
323 2165 405 2230 erat,
434 2154 502 2232 qui,
530 2172 597 2212 are
615 2151 738 2230 publica
755 2152 876 2225 remoti,
898 2151 988 2230 magis
1000 2151 1057 2210 sibi
1075 2151 1220 2209 vivebant
1238 2159 1270 2209 et
1286 2170 1401 2227 corpo·

224 2258 269 2318 ris
291 2257 339 2316 vel
356 2257 447 2315 animi
474 2253 681 2333 voluptatibus
696 2252 772 2326 frui,
803 2272 892 2330 quam
912 2255 1005 2312 vitam
1028 2252 1209 2329 negotiosam
1233 2252 1399 2330 transigere

224 2358 380 2419 analebant.

367 2520 410 2583 ll.
457 2520 510 2584 De
535 2518 695 2583 Cicerone
717 2522 845 2604 eiusque
867 2523 1020 2585 unico-sa
1040 2518 1257 2603 philosophica

309 2659 370 2719 Etsi
389 2658 476 2716 multi
500 2669 564 2717 tum
579 2658 702 2718 Romani
719 2657 929 2738 philosophiae
951 2679 1073 2738 operam
1097 2659 1264 2734 navabant,
1293 2668 1402 2733 tamen,

225 2780 317 2839 quum
340 2781 372 2819 ea
394 2761 484 2819 ferme
510 2781 526 2817 a
548 2760 669 2819 Graecis
691 2760 772 2817 tradi
789 2761 968 2838 Graecisque
991 2761 1099 2819 litteris
1118 2761 1264 2819 contineri
1280 2762 1401 2835 soleret,

225 2875 255 2923 et
265 2883 415 2944 perpauca
433 2871 549 2921 tantum
561 2880 674 2941 perque
691 2860 791 2938 exigui
807 2861 894 2939 pretii
909 2872 1098 2921 monumenta
1114 2863 1216 2920 Latina
1234 2862 1337 2922 relicta
1349 2882 1400 2921 es·

224 2976 306 3041 sent,
324 2965 390 3026 lieri
410 2985 472 3024 non
487 2963 604 3043 potuit,
627 2972 662 3022 ut
675 2962 729 3020 illa
745 2962 819 3020 laete
834 2962 1033 3022 effloresceret
1051 2984 1085 3023 ac
1099 2984 1202 3042 magna
1219 2964 1401 3024 incrementa

224 3078 352 3147 caperet.
394 3068 495 3145 ltaque
512 3066 625 3140 Cicero,
646 3063 787 3144 flagranti
800 3064 916 3142 patriae
931 3084 1033 3124 amore
1051 3066 1195 3143 agitatus,
1219 3066 1282 3140 uti,
1305 3084 1400 3142 quum

223 3167 256 3225 in
271 3166 400 3244 gerenda
415 3188 448 3226 re
464 3168 585 3246 publica
599 3168 790 3241 versabatur,
812 3186 927 3225 omnem
940 3168 973 3224 in
988 3187 1022 3225 ea
1035 3187 1173 3244 operam,
1194 3187 1296 3226 omues
1308 3186 1399 3227 curas

223 3266 476 3346 cogitationesque
490 3280 633 3347 posuerat
648 3268 820 3346 civiumque
833 3269 958 3327 salutem
970 3280 1061 3347 atque
1078 3269 1313 3329 incolumitatem
1328 3288 1412 3327 mo·-

222 3368 269 3428 dia
284 3368 422 3426 omnibus
439 3388 546 3446 augere
562 3380 593 3429 et
606 3391 784 3449 promovere
802 3371 970 3444 studuerat,
992 3373 1043 3445 ita,
1062 3372 1094 3429 in
1109 3371 1195 3429 senili
1209 3380 1306 3430 aetate
1319 3390 1397 3431 oon-

221 3470 361 3544 stitutus,
389 3490 499 3547 quum,
526 3472 657 3530 Romana
687 3492 720 3529 re
743 3472 862 3548 publica
885 3491 986 3530 eversa
1004 3480 1094 3547 atque
1110 3472 1249 3531 libertate
1263 3470 1399 3531 Caesaris

220 3570 376 3631 dominatu
393 3590 553 3649 oppressa,
581 3569 824 3628 administrandis
842 3570 973 3631 civitatis
996 3573 1171 3633 muneribus
1193 3573 1312 3634 civibus
1331 3573 1397 3637 sois
1440 3578 1442 3585 '

218 3671 361 3751 prodesse
373 3690 436 3729 non
449 3678 564 3749 posset,
587 3689 624 3728 na
638 3669 717 3743 otio,
739 3691 801 3748 quo
815 3672 1002 3748 abundabat,
1024 3674 1193 3754 langueret,
1221 3675 1397 3735 universam

218 3770 439 3853 philosophiam
454 3771 603 3831 eGraecia
614 3770 784 3831 traductam
796 3773 967 3834 Latinarum
980 3776 1150 3835 litterarum
1163 3772 1229 3836 ldoe
1242 3777 1397 3837 illustrare

216 3875 271 3936 sibi
288 3873 465 3955 proposuit,
485 3874 585 3951 magni
604 3873 777 3933 existimans
790 3875 931 3935 interesse
952 3878 991 3936 ad
1011 3878 1099 3938 decus
1117 3889 1146 3937 et
1159 3880 1197 3938 ad
1213 3878 1332 3938 laudern
1347 3878 1395 3939 ei-

215 3977 317 4035 vitatis
323 4021 333 4052 ,
354 3996 402 4035 res
420 3985 478 4035 tam
492 3986 728 4054 gravestamque
745 3977 913 4055 praeclaras
928 3979 1041 4040 Latinis
1058 3981 1145 4040 etiam
1161 3980 1271 4040 litteris
1290 3980 1395 4041 eonti-

214 4077 280 4135 neri
300 4087 331 4137 et
351 4077 431 4137 bano
451 4077 596 4155 reliquam
617 4078 744 4156 gloriam
766 4080 909 4139 Graeciae
938 4082 1025 4160 eripi.

298 4177 476 4256 Quanquam
485 4178 600 4239 Tullius
617 4180 732 4238 nullutn
749 4181 810 4239 lere
827 4182 1035 4261 philosophiae
1053 4183 1160 4257 locum,
1183 4182 1234 4260 qui
1255 4203 1317 4243 nou
1331 4184 1393 4243 La·

210 4273 283 4335 tinia
303 4277 410 4337 litteris
432 4280 601 4341 illustratus
616 4291 747 4361 pateret,
774 4282 899 4360 reliquit
905 4307 914 4360 3
943 4295 1039 4343 tamen
1055 4305 1117 4342 non
1138 4285 1302 4362 perlectam
1315 4284 1392 4344 artis

209 4377 357 4454 quandam
380 4380 569 4463 disciplinam
592 4382 737 4442 condidit.
781 4386 882 4462 Neque
905 4386 935 4444 id
961 4385 991 4444 in
1014 4386 1237 4445 conscribendis
1262 4389 1324 4446 suis
1352 4386 1393 4447 ds

208 4477 399 4559 philosophia
417 4482 503 4541 libris
520 4493 640 4543 secutus
663 4494 708 4544 est
726 4485 897 4561 consilium5
925 4488 976 4546 sed
996 4488 1230 4568 praeclarissima
1252 4506 1392 4567 quaeque

206 4590 237 4642 at
250 4582 289 4641 ad
305 4602 402 4643 mores
418 4585 650 4646 conformandos
664 4586 816 4665 vitamque
830 4587 935 4648 melius
957 4589 1171 4651 instituendam
1193 4589 1393 4653 saluberrima
