2888 5512
142 308 204 375 tto
581 319 702 370 arara
721 319 752 367 n.
772 312 819 377 rt,
836 314 879 367 tt.

142 442 273 520 barbari,
293 461 366 523 quas
382 439 480 523 plagas
496 439 664 523 perferuntl
690 459 746 521 quo
764 434 919 513 modoini,
938 434 986 517 qui
1003 434 1079 497 bene
1096 431 1224 496 instituti
1239 444 1313 509 sunt,

142 553 277 637 accipere
300 550 413 634 plagam
437 549 565 625 molunt,
589 569 675 631 quiam
699 546 824 631 turpiter
845 545 958 608 vitare!
986 563 1181 627 quamsaepe
1201 554 1317 627 apparet

142 663 214 727 nibil
235 660 409 737 rosmoda,
433 679 519 741 quom
538 658 585 720 rel
604 657 722 720 domino
742 657 935 734 satisfacere,
960 655 1007 718 vel
1026 654 1150 738 populol
1198 651 1316 717 Mittunt

142 774 230 837 ctiam
253 770 425 835 vulneribus
449 768 574 831 criulecti
600 769 634 830 ud
659 767 810 842 dominus,
835 766 883 849 qui
907 775 1047 847 quoerant
1071 764 1140 847 quid
1157 764 1270 842 reliot3
1292 762 1315 825 si

142 882 214 947 satie
233 880 270 944 iis
287 882 393 943 lactum
411 880 489 958 sit⁶,
514 900 546 940 se
565 879 641 941 velle
659 877 846 939 decumbere.
895 873 971 957 Quis
994 873 1153 937 mediocris
1175 873 1315 956 gladiator

142 992 304 1076 ingemuit?
327 990 391 1074 quis
409 990 520 1053 vultum
534 990 658 1051 mutavit
674 988 821 1070 unquam?
843 986 906 1068 quis
923 1007 981 1047 non
999 965 1085 1047 modo
1101 984 1199 1061 stetit,
1216 1005 1313 1048 rerum

144 1104 232 1167 etiam
255 1101 391 1165 decubuit
414 1099 559 1183 turpiter?
589 1099 671 1180 quis,
703 1118 789 1180 quum
813 1096 1018 1172 decubuisset,
1052 1096 1163 1159 serrum
1189 1094 1314 1179 recipere

143 1215 241 1277 iussus
263 1212 369 1275 collum
391 1211 562 1273 contranit'.l
588 1219 699 1272 tautum
723 1207 917 1285 exercitatio,
941 1205 1113 1284 meditatio,
1137 1205 1314 1271 cousuetudo

143 1324 235 1387 valet.
281 1320 363 1405 Ergo
387 1321 442 1384 boc
465 1320 573 1404 poterit

317 1436 448 1505 Samara,
473 1452 595 1511 rpttrcus
615 1432 712 1503 domo,
739 1433 798 1490 vitu
819 1430 871 1489 itti
892 1430 997 1507 dagnus
1020 1429 1154 1507 loroque,·
1352 1420 1355 1517 l

144 1546 203 1623 vir,
226 1554 312 1607 ututur
327 1544 362 1606 ad
378 1540 514 1625 gloriam,
538 1540 625 1602 ullam
643 1550 754 1623 partem
769 1537 858 1601 animi
873 1548 930 1600 tum
949 1537 1065 1599 mollem
1083 1535 1216 1613 babebit,
1233 1556 1311 1620 qoam

144 1677 203 1719 uon
222 1653 409 1717 meditatione
429 1662 458 1712 ct
474 1650 589 1711 ratione
607 1649 801 1710 corroborant
844 1644 974 1713 Crudele
995 1646 1191 1730 gladiatorum
1208 1656 1312 1730 specta·

144 1764 239 1827 culum
261 1772 291 1824 et
307 1760 496 1822 inlmmonunr
518 1758 667 1819 nonnullis
684 1758 777 1822 rideri
797 1758 890 1837 solet,
920 1769 950 1820 et
972 1758 1045 1820 baud
1068 1756 1132 1820 scio
1149 1778 1189 1819 an
1205 1756 1244 1820 ita
1263 1756 1311 1833 sit,

144 1882 177 1935 ut
197 1892 274 1933 nurrc
296 1871 338 1933 lit.
386 1866 484 1949 Qatnu
499 1888 572 1930 vero
590 1878 692 1930 sontes
710 1869 788 1931 ferro
807 1868 1031 1952 depugnabant,
1055 1867 1177 1931 auribus
1194 1868 1312 1929 tortasse

144 1983 270 2058 multae,
296 1979 389 2043 oculis
411 1979 526 2062 quidem
550 1978 628 2041 nullu
652 1987 768 2063 poterat
790 1998 857 2042 esse
882 1977 986 2041 lortior
1007 1986 1112 2041 contra
1135 1977 1265 2041 dolorem
1284 1985 1312 2038 et

145 2102 268 2155 mortem
293 2090 457 2174 disciplina.

228 2196 351 2263 XVlll.
377 2210 429 2264 tr.
454 2196 502 2261 De
516 2199 732 2262 exercitatione
747 2208 779 2261 ct
793 2199 1007 2262 cousuetudine
1025 2208 1055 2262 ct
1071 2196 1312 2262 commentatione

211 2396 228 2447 5
245 2396 287 2447 sic
300 2394 399 2462 plurimi
414 2393 488 2444 codd.
507 2394 630 2461 etoptirni
648 2396 686 2463 (ut
701 2394 731 2443 ll.
744 2393 810 2443 eud.
821 2393 842 2444 l.
858 2395 890 2444 ll.
906 2394 952 2455 bt,
971 2405 998 2443 et
1012 2392 1069 2445 edd.
1080 2402 1144 2443 vett.
1154 2394 1227 2445 oms.
1243 2392 1310 2444 Verbi

144 2468 193 2524 tt..
219 2464 266 2514 uisi
282 2462 349 2530 quod
367 2480 412 2529 pro
427 2465 464 2513 bis
479 2461 505 2512 in
521 2461 647 2512 nonnullis
670 2471 707 2513 est
726 2465 774 2524 tir,·
796 2461 978 2526 nstittssuctum
993 2464 1024 2512 ils
1037 2466 1067 2511 st‘t
1081 2461 1141 2529 quin
1161 2478 1193 2511 uc
1211 2464 1272 2515 0¹1.
1287 2469 1310 2511 et

144 2532 265 2597 plurimus
282 2531 339 2581 edd.
356 2541 433 2585 rett.;
458 2534 480 2580 st
493 2534 551 2580 sutis
566 2532 602 2580 bis
618 2532 707 2593 sudum
723 2546 770 2580 oon
783 2533 814 2580 stt
828 2532 870 2579 Or.
886 2548 907 2581 c.
922 2528 979 2579 cod.
997 2528 1124 2589 Tumebi‚
1171 2528 1211 2579 all
1223 2544 1272 2579 sco.
1286 2536 1310 2577 ct

143 2608 231 2714 ppt-thil
237 2603 262 2647 ai
274 2600 423 2661 satisfactum
436 2603 466 2648 iis
479 2602 509 2648 stt
524 2597 575 2648 duo
593 2597 668 2648 codd.
678 2597 782 2658 Lamb.;
802 2596 867 2647 unde
881 2599 947 2647 Mos.
960 2596 1048 2665 scripu.
1064 2600 1112 2647 nisr'
1125 2601 1186 2647 sotis
1199 2598 1259 2661 titt.
1275 2600 1308 2646 tlt·

167 2704 173 2716 .
233 2682 257 2716 u.

143 2791 197 2843 tus,
215 2789 321 2848 quantus
338 2781 405 2847 apud
420 2782 523 2831 maiores
538 2792 637 2833 nostros
653 2798 715 2833 cou-
742 2790 769 2833 ct
793 2786 947 2835 ttctttttceam
970 2783 1002 2835 ad
1028 2802 1053 2850 p.
1079 2784 1108 2835 Ρ.
1129 2781 1213 2835 Sutia
1237 2800 1259 2833 c.
1272 2780 1308 2835 27.

142 2849 251 2911 solatus,
269 2847 312 2915 qui
327 2858 378 2897 tunt
396 2849 492 2915 optimu
509 2850 596 2915 cuique
613 2848 717 2900 delere·
742 2867 767 2917 p·
789 2850 845 2904 134·

143 2916 223 2969 batur.
257 2916 290 2967 V.
306 2914 339 2965 sd
355 2918 375 2967 l.
392 2912 440 2980 td,
461 2917 523 2968 lll:
550 2932 596 2969 ooo
613 2920 676 2968 enim
691 2920 717 2968 in
797 2921 929 2985 meditatio]
957 2922 1129 2982 Verbertituag.
1163 2918 1196 2969 v.
1218 2916 1251 2969 ad
1270 2916 1309 2967 ΙΙΙ.
1333 2946 1338 2957 ·

142 2989 241 3037 coctum.
745 2984 849 3048 16,3t.
886 2989 923 3037 tls
945 3003 997 3054 seq.
1016 3006 1039 3038 r.
1061 2990 1225 3051 commentatio
1245 2980 1309 3036 nod

192 3053 298 3117 dommo]
318 3053 355 3101 De
370 3053 466 3102 domino
484 3050 544 3118 (ie.
562 3052 715 3119 possessore)
744 3055 762 3104 l.
779 3055 828 3114 30,
846 3053 886 3107 ll.

142 3120 308 3187 gladiatorum
320 3129 388 3169 recte
401 3122 507 3170 Ktotaiur
520 3119 570 3170 sic:
586 3124 718 3182 „domums
794 3124 902 3187 Summis]
926 3124 1018 3173 Versus
1043 3136 1057 3171 o
1074 3118 1166 3171 Lucilii
1182 3120 1308 3187 Sotium

143 3191 176 3238 ist
192 3188 246 3247 der,
264 3186 370 3237 welches
383 3186 425 3236 dic
442 3187 604 3237 Gladiatores
620 3198 716 3239 estwe-
742 3187 808 3238 libro
827 3191 868 3249 lV,
886 3193 911 3241 2.
935 3189 1044 3256 potitus,
1069 3188 1106 3238 uti
1123 3187 1211 3239 ridere
1227 3186 1307 3239 liceto

143 3254 188 3304 der
198 3258 249 3303 tare
262 3258 367 3315 mancipi
380 3272 412 3303 an
423 3254 477 3305 sich
488 3255 616 3321 gebracht,
635 3255 717 3305 fcinu-
742 3256 827 3306 Nonio
851 3257 876 3306 in
902 3272 1038 3320 componere
1062 3267 1090 3307 et
1113 3270 1234 3317 spurcum.
1273 3250 1306 3303 (ll.

141 3319 192 3370 licii
218 3319 333 3379 erkault,
361 3320 424 3370 oder
446 3339 476 3371 au
501 3323 558 3373 dem
583 3323 716 3389 specicllen
743 3322 819 3374 ludic.
837 3323 924 3374 histor.
948 3343 972 3373 v.
992 3328 1097 3375 Samnis.
1131 3324 1202 3374 Male
1222 3320 1313 3383 dosia,

143 3385 212 3436 Falle
231 3385 330 3437 erluult
347 3387 409 3438 oder
426 3387 557 3467 gcduogeu
574 3389 625 3440 hut.
662 3392 714 3441 Ge·
741 3391 758 3441 l.
776 3391 800 3442 (l.
817 3408 928 3455 spurcum
947 3392 1128 3458 iuterpretatur
1144 3406 1254 3453 ntum,
1273 3400 1307 3439 π·

142 3453 266 3503 wiihnlicb
287 3454 393 3506 standeu
410 3456 452 3507 dre
469 3458 510 3508 Gt.
529 3458 563 3507 im
579 3458 656 3508 Soldc
671 3457 717 3508 der
741 3461 874 3511 temanum.
1327 3492 1331 3499 ·

141 3522 246 3583 domini,
270 3522 364 3573 welche
380 3523 465 3590 Spiele
483 3542 513 3574 cu
530 3525 611 3603 gabon
628 3525 715 3575 hutten
791 3530 857 3578 baud
874 3530 921 3578 scio
937 3527 981 3593 oo]
998 3527 1030 3577 V.
1047 3525 1080 3577 ad
1098 3526 1143 3575 ttt.
1160 3524 1194 3585 8,
1213 3522 1251 3577 td.
1333 3580 1336 3591 ,

142 3604 165 3638 u.
183 3606 203 3639 s.
223 3597 270 3640 n·.“
315 3594 337 3640 ls
363 3601 462 3649 autem,
495 3608 538 3659 qm
563 3590 715 3655 gladiatores
790 3600 893 3645 monac
907 3598 945 3659 fit]
966 3596 1030 3645 lle.
1048 3593 1142 3645 uostris
1154 3590 1306 3661 temporibus,

141 3664 220 3707 artem
243 3674 368 3708 armorum
392 3657 516 3720 docebat,
543 3656 716 3724 appellabatur
741 3659 828 3726 quibus
846 3678 896 3711 non
911 3662 992 3712 solum
1006 3672 1107 3724 sontes,
1131 3660 1178 3711 scd
1193 3654 1307 3711 etiamti-

141 3726 235 3776 lunirto.
740 3727 793 3777 beri
817 3729 932 3780 homines
955 3730 1108 3797 depugnant.
1151 3730 1190 3779 De
1211 3744 1239 3779 rc
1260 3724 1308 3792 ipo

190 3796 212 3843 ri
226 3796 284 3843 sutis
300 3795 329 3842 iis
343 3793 433 3854 fuctum
448 3790 489 3869 sit]
508 3791 540 3839 ll.
552 3807 573 3839 e.
593 3789 614 3839 si
630 3790 716 3841 domi·
741 3795 774 3845 cl.
792 3798 880 3846 Senec.
899 3798 945 3864 Ep.
960 3797 984 3857 7,
1002 3798 1044 3848 95.

140 3859 178 3910 nis
202 3856 350 3910 lortitrrdius
373 3873 417 3907 sua
437 3856 613 3910 sauafccerint.
649 3860 716 3909 Beue
791 3862 900 3930 curibus]
928 3862 1108 3931 intelligendas
1132 3860 1307 3931 disputatione!

139 3930 252 3978 Docimus
273 3934 407 3992 praeeunte
430 3928 448 3975 l.
466 3927 492 3973 F.
509 3929 625 3977 Gronovt'o
643 3927 714 3977 Obss.
740 3928 773 3979 da
788 3932 973 3983 contemnendo
990 3932 1078 3983 dolore
1092 3938 1117 3981 et
1131 3940 1216 3983 morte
1227 3946 1243 3979 a
1256 3926 1308 3995 plri-

140 3994 163 4042 ll
172 4030 180 4055 ,
196 3995 226 4044 2:
246 3994 307 4043 Vult
322 3992 419 4044 Tullius
436 3990 539 4041 miseros
558 3993 613 4045 illos
629 3995 715 4046 homi-
739 3996 852 4062 losophis
869 3998 909 4049 rel
926 3999 1019 4050 scholis
1036 3998 1077 4050 rel
1094 3996 1166 4049 libris
1181 3996 1295 4049 adina

139 4074 183 4106 arcs
201 4075 250 4109 nou
269 4071 327 4111 ante
344 4060 453 4126 iugulum
478 4060 614 4128 praebere,
640 4080 715 4129 quam
789 4069 863 4117 oculis
884 4066 990 4134 quom]
1016 4068 1055 4117 De
1078 4085 1102 4116 v.
1126 4066 1224 4141 quidm
1243 4060 1309 4115 ass-

139 4123 277 4175 adominis
290 4144 383 4193 operae
397 4127 512 4193 gnaviter
527 4127 610 4178 editae
623 4148 714 4197 repor-
739 4130 780 4192 27,
798 4129 839 4183 67.
863 4130 911 4192 41,
930 4133 971 4186 99.
995 4130 1044 4194 43,
1066 4132 1122 4185 102.
1147 4134 1192 4184 IV.
1206 4133 1245 4193 ll,
1261 4124 1306 4180 242

138 4198 195 4238 tent
211 4191 388 4244 testimonium.
739 4198 893 4263 cogitatione
907 4200 973 4251 inter
987 4218 1015 4251 sc
1031 4200 1161 4259 differant,
1178 4214 1205 4251 re
1216 4198 1309 4262 ΜΝ

188 4259 278 4333 {emt
300 4262 411 4326 recipcre]
437 4260 553 4311 Formula
576 4262 601 4311 in
623 4263 670 4314 hac
686 4282 714 4316 rc
739 4266 870 4332 copulatae
885 4278 952 4319 suut.
975 4270 1006 4319 V.
1022 4268 1064 4331 30,
1081 4269 1125 4320 85.
1143 4266 1185 4329 bl.
1199 4264 1266 4317 t‘tt.-
1279 4264 1308 4314 V.

137 4325 713 4454 tuturos?nummulorum
739 4349 785 4450 m
800 4334 824 4454 {¹¹
843 4334 1047 4456 tributii
1061 4338 1090 4421 ³²·
1108 4328 1311 4470 *oldad
1338 4410 1343 4417 -

137 4459 277 4537 exclamans
294 4461 369 4537 recipe
386 4462 472 4537 telum,
498 4479 553 4512 etam
571 4466 602 4514 ub
620 4437 712 4516 adver:
737 4484 795 4532 ται,
819 4439 869 4522 'olor
887 4421 985 4534 educ?
999 4402 1137 4536 suitilan}
1156 4418 1247 4528 {butue
1263 4466 1313 4522 lert

136 4527 203 4579 sario
221 4526 325 4593 iugulari
342 4537 420 4577 rurant
457 4527 495 4579 Cf.
513 4548 538 4597 p.
556 4533 621 4583 Sest.
640 4534 712 4586 ctt.
737 4532 797 4592 Διὸς
818 4534 928 4601 μεγάλου
946 4532 1080 4592 ἀλέασθαι.
1116 4536 1161 4589 sic
1176 4552 1254 4603 saepe
1269 4536 1312 4587 bat

137 4600 245 4660 Domino.
259 4595 292 4647 ad
308 4611 334 4663 p.
352 4595 426 4647 Ruso.
445 4601 527 4649 Aruer.
545 4616 567 4650 c.
579 4599 618 4653 tt.
633 4599 712 4668 pata
737 4601 874 4670 particulae
887 4604 912 4655 in
924 4604 1086 4673 oppositione
1095 4614 1259 4674 rumpantur,
1272 4616 1312 4673 ptt
