2888 5512
221 322 284 388 ‘270
656 330 779 382 utana
797 331 839 380 ιιι.
861 329 906 388 ιι,
926 329 967 377 aa.

222 454 300 519 Nam
318 465 348 517 et
368 463 464 515 metus
484 452 583 534 opinio
600 451 696 532 inagui
716 450 782 511 rnati
803 446 1016 530 impendentis,
1050 454 1081 505 et
1097 444 1250 525 aegritudo
1272 450 1324 503 est
1338 442 1402 525 opi-

222 569 272 628 nio
288 562 387 646 magni
402 561 469 624 mali
486 560 666 645 praesentis,
692 557 851 640 etquidem
866 577 971 619 reueus
988 554 1087 638 opinio
1103 553 1169 615 talis
1185 554 1272 629 mali,
1298 563 1332 613 ut
1344 553 1400 613 in2

222 697 257 737 eo
275 685 386 737 rectum
403 673 538 735 videatur
555 690 622 732 esse
637 669 725 751 angi,
749 669 776 729 id
794 678 891 729 autem
908 677 971 743 est,
997 676 1027 728 ut
1046 665 1084 741 ia,
1108 663 1157 747 qui
1171 664 1288 742 doleat,
1314 684 1399 746 opor·

223 797 285 848 tere
305 784 441 868 opinetur
459 802 493 844 se
511 781 622 842 dolere.
669 777 725 841 Hie
740 789 837 841 autem
855 775 1141 859 perturbationibus,
1172 795 1247 855 quiris
1267 774 1298 835 in
1315 773 1398 835 vita³

222 895 370 957 homiuum
387 892 511 955 stultitia
530 890 612 972 quasi
633 890 772 972 quasdam
794 887 885 949 turias
903 886 1031 947 imniittit
1051 896 1139 966 atque
1159 885 1281 961 incitat,
1307 883 1400 946 omni-

222 1005 277 1067 bus
292 1003 405 1065 viribus
423 1014 510 1085 atquc
525 1000 628 1084 opibus
646 998 866 1083 repugnandum
882 1008 939 1072 est,
964 997 989 1057 si
1005 996 1140 1057 volumus
1161 995 1228 1073 hoo,
1254 994 1332 1076 quud
1349 994 1401 1055 da·

222 1126 284 1177 tum
303 1124 350 1177 est
372 1114 468 1190 vitae,
501 1111 656 1193 tranquille
673 1110 844 1193 placideque
867 1107 1032 1168 traducere.
1080 1102 1141 1167 Sed
1160 1108 1288 1167 cetera*
1308 1104 1398 1177 aliast

223 1246 301 1288 nunc
318 1223 547 1307 aegritudinem,
579 1223 604 1284 si
623 1240 796 1304 possumne,
826 1217 1016 1300 depellamus.
1063 1212 1096 1277 ld
1115 1215 1194 1276 enim
1211 1214 1276 1276 sit⁵
1295 1235 1403 1298 propo·

223 1335 329 1411 situm,
359 1334 592 1416 qttaiidoquidcm
616 1352 680 1393 eam
699 1342 729 1391 tu
749 1328 843 1389 videri
859 1327 909 1389 tibi
927 1327 956 1388 in
977 1325 1137 1408 sapientem
1157 1325 1265 1387 cadere
1284 1323 1402 1401 dixisti,

223 1445 299 1527 quod
322 1464 378 1526 ego
400 1443 479 1506 uallo
497 1444 583 1504 modo
601 1441 753 1503 existimo.
802 1438 897 1501 'Petra
915 1437 991 1499 enim
1010 1456 1059 1498 res
1076 1447 1139 1511 est,
1164 1435 1291 1511 misera,
1315 1435 1399 1495 dete·

224 1552 349 1631 stabilis,
374 1554 451 1615 omni
474 1550 682 1627 contentione,
705 1549 799 1626 vetis,
824 1558 855 1610 ut
877 1548 916 1610 ita
940 1547 1051 1623 dicam,
1075 1545 1225 1628 remisque
1247 1544 1399 1627 fugienda.

308 1661 383 1726 xit.
430 1672 483 1724 26.
510 1659 613 1742 Qualis
636 1659 714 1721 enim
737 1658 788 1720 tibi
811 1658 861 1719 ille
882 1657 1001 1721 videtur

288 1820 410 1871 2Lamb.
427 1831 451 1869 et
465 1821 505 1870 Fr.
524 1820 596 1869 Fabr.
609 1837 660 1869 om.
674 1822 706 1869 ira.
742 1824 775 1867 at
789 1836 812 1868 v.
828 1817 860 1868 ad
880 1820 897 1867 1,
913 1816 956 1877 21,
974 1816 1016 1868 att.
1050 1816 1108 1868 3v.
1128 1816 1192 1866 Adn.
1223 1814 1399 1867 4Sicomnea

223 1892 276 1939 tere
292 1887 382 1947 codd,
408 1889 484 1938 etiam
501 1888 606 1954 optimi:
634 1888 663 1937 n.
683 1886 929 1936 acuatacuat.
948 1885 1290 1945 l.etmultaeedd.vett.;
1315 1891 1400 1935 merua

223 1970 267 2025 tac.
283 1956 494 2023 perturbationes)
509 1960 551 2006 Or.
567 1973 587 2005 c.
606 1954 717 2022 plurimis
732 1952 790 2003 edd.
810 1964 873 2004 vett.
890 1965 915 2003 et
930 1954 1013 2021 paucis
1031 1953 1106 2003 codd.
1140 1954 1155 2003 5
1174 1971 1198 2006 v.
1217 1952 1283 2002 Aila.

221 2058 333 2109 Breviter
357 2056 451 2106 dictam
469 2074 531 2124 pro:
557 2063 686 2107 naseuntur
702 2062 796 2119 tamque
820 2072 904 2119 prop„
929 2066 955 2103 ut
973 2054 1086 2117 videtur,
1109 2054 1246 2121 particulae
1263 2058 1327 2104 enirn
1345 2068 1398 2103 cam

221 2128 312 2176 turbide
327 2132 460 2185 moueretur,
478 2136 505 2173 ut
523 2135 592 2173 recte
606 2124 714 2189 explicat
731 2126 797 2173 Orcl-
822 2122 983 2172 coniunctivo
1009 2123 1192 2189 compositione
1211 2121 1332 2171 ottericus.
1366 2125 1396 2169 at

221 2198 282 2255 litet,
310 2193 352 2260 qui
367 2192 482 2258 apposite
505 2192 606 2241 cnrtsert
623 2192 663 2239 tv.
684 2192 728 2251 ta,
746 2188 794 2241 34:
822 2208 862 2251 v.,
881 2208 945 2258 quae
960 2190 1046 2239 attulit
1059 2193 1179 2253 Wopltettt.
1197 2192 1285 2240 Lectt.
1298 2188 1364 2240 Tutt.
1377 2188 1394 2249 1,

221 2278 251 2310 cx
268 2279 317 2325 qua
335 2260 490 2309 concitantur
506 2258 719 2325 perturbationes,
737 2258 753 2306 i.
772 2274 794 2306 e.
824 2261 862 2309 ta.
876 2276 901 2324 p.
914 2259 976 2315 tna,
995 2260 1025 2307 N.
1042 2260 1070 2307 1).
1087 2260 1118 2318 11,
1134 2258 1177 2307 ta:
1196 2258 1326 2306 audiamus
1338 2258 1395 2305 enim

221 2328 334 2377 oriuntur
358 2344 413 2376 cum
439 2327 519 2377 turba.
561 2326 650 2392 Topic.
678 2324 727 2384 ¹26,
745 2325 794 2375 illd:
822 2326 951 2375 Platonem
976 2336 1037 2375 cett.
1064 2324 1143 2375 Divin.
1162 2328 1201 2387 ll,
1219 2326 1270 2377 36:
1297 2336 1394 2373 externa

221 2395 279 2445 lrrvic
300 2396 401 2461 generi,
427 2395 453 2444 in
476 2410 525 2462 quo
543 2404 569 2442 et
584 2392 752 2443 misericordia
770 2401 796 2441 et
820 2397 882 2443 etaim
908 2392 1041 2445 videamus.
1085 2394 1153 2441 lutra
1180 2395 1221 2451 tv,
1244 2392 1283 2445 l'i.
1309 2393 1338 2449 V,
1355 2391 1392 2440 21.

123 2458 126 2463 ’
219 2463 347 2512 iracundia
369 2473 395 2511 et
418 2462 502 2512 odium
520 2473 545 2511 et
562 2460 654 2510 inridiu
677 2470 701 2509 et
725 2470 796 2509 cete-
821 2462 875 2509 Fin.
894 2462 925 2517 V.
947 2460 984 2511 19.
1026 2461 1103 2511 Recte
1128 2458 1160 2509 ad
1185 2460 1250 2509 haec
1273 2460 1393 2509 aarum:

220 2548 262 2578 rae
284 2529 360 2578 animi
380 2530 527 2579 affectiones
548 2532 729 2591 perturbantur:
755 2526 796 2577 ubi
821 2528 872 2595 ipsi
890 2528 1025 2594 particulae
1050 2528 1131 2593 terrim)
1159 2528 1227 2576 cirilla
1252 2528 1318 2576 ratio
1341 2540 1391 2575 cum

221 2598 350 2646 Lambinus
366 2608 460 2647 temere
477 2598 539 2663 legit
555 2602 709 2647 concitantur.
822 2595 981 2645 coniunctivo
1009 2594 1093 2645 modo.
1137 2596 1170 2644 Ea
1200 2594 1225 2644 in
1252 2608 1390 2661 quacunque

270 2668 290 2710 ct
307 2667 401 2724 quidem
418 2680 496 2715 recena
513 2658 606 2729 optrito]
630 2668 712 2724 Quum
730 2662 795 2712 enim
822 2664 969 2713 evocatione
985 2673 1010 2712 et
1026 2663 1202 2712 exhortatione
1219 2682 1266 2729 pr,
1290 2680 1337 2728 qua
1354 2676 1392 2709 re·

219 2728 398 2778 inveteraverit
417 2731 503 2797 opinio
520 2732 553 2778 de
571 2731 637 2779 malo
651 2731 735 2797 aliquo
751 2748 797 2780 ur·
822 2731 897 2781 motis
915 2731 1001 2780 alienia
1017 2730 1089 2779 rebus
1105 2730 1137 2779 ad
1159 2731 1201 2789 id,
1226 2728 1296 2798 quod
1313 2727 1392 2779 convi-

219 2805 294 2861 grute
311 2813 341 2845 ac
360 2796 513 2846 familiaritas
532 2797 652 2911 rpuuedam
678 2815 734 2847 cum
752 2796 795 2847 ttto
821 2797 958 2847 derandum
975 2798 1016 2857 sit,
1034 2798 1154 2847 accedere
1170 2799 1294 2847 iubemus.
1326 2794 1391 2846 Vetti

219 2863 252 2913 ait
270 2874 414 2925 contracta,
439 2864 535 2929 aegritu
555 2882 569 2913 o
587 2863 677 2912 aenaim
701 2880 795 2913 evane-
822 2876 907 2932 potcet
923 2882 968 2933 per
981 2868 1092 2916 admttclt.
1118 2866 1217 2921 Graeci.
1233 2864 1303 2932 quod
1314 2862 1391 2923 sciam,

219 2930 274 2981 scit.
301 2935 406 2983 nautas.
444 2931 483 2983 (11.
503 2933 547 2987 tt,
566 2928 607 2982 td.
625 2942 651 2980 ct
665 2930 691 2979 in
710 2931 795 2998 primis
821 2950 872 2983 uon
895 2933 931 2982 ita
956 2935 1097 2999 loquuntur.
1133 2936 1241 2985 Klotciae
1258 2930 1391 2983 coniuncti·

219 3000 267 3061 31,
286 3000 327 3053 75.
821 3018 879 3050 vam
897 3018 948 3051 non
963 3001 1148 3051 adltartativum
1165 3020 1219 3051 eme
1232 3000 1334 3059 statuit,
1349 2996 1391 3047 aed

270 3072 294 3119 ia
311 3068 371 3136 vita]
389 3071 414 3118 in
430 3071 505 3118 uitam
523 3084 578 3118 cnm
593 3067 722 3127 Lambino,
743 3068 796 3116 Da·
821 3068 1001 3119 dubitativum:
1020 3068 1105 3128 „dicat
1116 3069 1218 3119 miichte
1230 3066 1337 3118 ntmttct
1345 3082 1390 3115 uu-

219 3135 290 3196 viaio,
305 3136 421 3186 Ernestio
432 3136 565 3186 ediderunt
571 3136 606 3184 W
608 3136 678 3185 allius
688 3147 714 3185 et
722 3135 796 3185 Orel-
820 3153 875 3185 acro
892 3136 1005 3201 Aufgabe
1018 3136 1098 3186 satiust·
1128 3140 1200 3197 Quae
1215 3136 1281 3187 ratio
1297 3151 1343 3185 nou
1356 3144 1390 3182 eat

219 3203 282 3262 liua,
310 3203 352 3268 qui
376 3204 523 3269 scripturum
545 3208 570 3254 in
584 3209 634 3254 vito
658 3221 688 3253 ex
705 3202 795 3255 vitiosa
821 3204 965 3270 probanda,
992 3221 1066 3270 quarn
1083 3204 1259 3254 coniunctivna
1276 3202 1391 3253 adhorta·

219 3269 353 3318 omissione
375 3269 412 3318 lit.
434 3286 458 3321 m
480 3271 559 3321 finalia
583 3274 722 3338 profectam
746 3289 795 3338 pu-
820 3272 885 3321 tivua
899 3274 1046 3334 depellamus
1057 3271 1170 3338 proxime
1182 3273 1325 3321 antecedat.
1359 3270 1392 3319 tte

218 3344 270 3391 tat;
298 3334 372 3384 codd.
398 3347 421 3384 et
448 3348 546 3387 ceterae
569 3339 626 3389 cdd.
652 3340 746 3389 habent
769 3343 795 3389 in
821 3340 942 3405 particula
960 3344 1022 3389 enim
1046 3339 1129 3406 paullo
1155 3350 1214 3404 post
1235 3339 1342 3407 repetitu
1358 3338 1389 3386 ct.

218 3404 283 3477 trito:
301 3401 367 3467 quod
385 3403 459 3452 etiam
474 3406 581 3456 Wolsrua
596 3406 623 3455 in
640 3406 679 3456 ed.
694 3409 713 3456 1.
729 3408 794 3457 reti·
819 3408 886 3457 intra
905 3408 947 3457 lV.
970 3407 1006 3467 17,
1026 3404 1066 3457 ill.
1091 3416 1118 3455 et
1139 3408 1220 3457 Hand.
1239 3406 1346 3458 Turseli.
1361 3406 1390 3455 11.

218 3477 286 3521 nurt;
305 3467 505 3530 necimmerito,
524 3472 629 3537 opinor:
648 3492 705 3524 nam
719 3476 794 3523 verba
819 3492 845 3540 p.
863 3474 961 3542 atriisq.

218 3538 243 3583 tn
263 3538 314 3583 vito
329 3539 448 3587 hominum
471 3538 584 3588 absoluta
609 3543 690 3606 pmtta
713 3540 793 3607 accipi
869 3546 937 3603 aelia,
953 3548 979 3591 ut
993 3545 1028 3591 ito
1042 3545 1131 3603 dim,
1145 3544 1275 3622 renuitque]
1293 3544 1390 3591 Frui-rr-

220 3612 324 3665 poaaunt
347 3610 432 3667 tqttvim
449 3604 562 3653 imminet
576 3606 689 3669 vivunt),
717 3617 744 3654 ut
761 3606 793 3654 ad
819 3606 891 3655 biulia
909 3609 1003 3659 locatio
1027 3626 1074 3675 pro
1094 3610 1208 3659 omuibus
1227 3610 1322 3659 viribus
1338 3608 1392 3687 opi·

218 3666 294 3717 verba
317 3672 419 3716 immittit
440 3676 509 3731 atque
532 3676 614 3720 incitat
640 3673 794 3737 cogitatione
819 3674 926 3741 busque.
946 3677 1014 3725 omni
1032 3688 1131 3727 conatu.
1167 3677 1209 3725 Sic
1226 3678 1307 3728 Ptant.
1327 3682 1390 3727 Αιιιι.

217 3734 383 3813 supplendum
406 3735 441 3813 ait
463 3740 488 3784 iit
510 3751 581 3797 coni,·
606 3738 638 3785 de
662 3742 738 3805 Legg.
761 3742 792 3788 11.
821 3744 838 3790 1.
854 3742 879 3801 3,
897 3746 927 3792 ti:
945 3748 1044 3807 ramipto
1058 3749 1167 3809 veloque,
1185 3756 1308 3811 quantum
1355 3753 1393 3792 ta-

221 3806 258 3861 li.
273 3804 314 3855 31).
332 3820 357 3853 tn
375 3802 488 3851 omnibns
505 3803 579 3853 codd.
596 3803 699 3870 legitur:
718 3824 793 3873 (luam
819 3808 865 3867 ria,
894 3811 986 3860 festina
1009 3823 1034 3861 et
1056 3812 1123 3879 fuge.
1159 3812 1263 3878 Proprie
1282 3760 1391 3863 (litim.

217 3872 294 3921 mttltu
311 3869 400 3921 eximia
415 3870 548 3938 divinaque
563 3870 695 3923 videantur
712 3874 792 3924 Atho-
818 3876 878 3926 xtt.
895 3879 935 3929 25.
951 3879 982 3929 d:
1000 3879 1149 3931 indecentia
1164 3884 1236 3930 remia
1254 3880 1307 3947 latii
1323 3876 1393 3929 codd.

217 3954 264 3989 uae
292 3951 351 3990 tuae
376 3940 501 4006 peperisse
526 3949 602 4006 atquc
631 3941 667 3991 ita
691 3948 715 3992 in
743 3947 793 3992 utta
818 3946 941 4007 remisque)
967 3945 992 3995 iu
1014 3948 1120 4014 patriam
1145 3948 1212 3997 omui
1235 3944 1395 3997 resonatione

218 4004 347 4058 hominnm
370 4008 497 4068 attulisse,
524 4018 577 4058 tum
602 4018 676 4058 cett.:
705 4010 745 4060 ubi
769 4030 793 4061 v.
819 4013 959 4077 properari.
996 4015 1069 4063 stttm
1087 4017 1111 4075 l,
1129 4014 1192 4066 'idttz
1210 4016 1396 4077 mmmttmvt

217 4072 281 4121 adn.
298 4078 383 4150 pluam
400 4095 425 4142 p.
437 4076 496 4127 ’21111
534 4076 613 4125 Etiam
630 4080 735 4129 Klotziua
752 4098 793 4128 re-
818 4079 941 4145 impellite
968 4082 1080 4148 puppim.
1120 4082 1242 4132 Similiter
1267 4081 1299 4131 de
1323 4079 1393 4130 offic

218 4151 318 4188 vucavit
332 4146 357 4191 in
372 4148 430 4205 vito,
447 4144 491 4193 aed
506 4161 571 4195 ririnc
585 4144 609 4192 in
622 4144 685 4194 add.
701 4163 725 4211 p.
739 4146 793 4197 13¹2.
820 4149 863 4198 111.
880 4149 928 4207 at,
951 4148 1010 4200 tto:
1028 4154 1087 4200 viria
1102 4154 1211 4213 equisque
1230 4152 1271 4215 (ut
1285 4147 1391 4209 dicitnr),

217 4206 623 4275 restituendumcensetinttilatm
637 4212 794 4279 quodetiam
819 4215 840 4263 ti
858 4215 1015 4265 honestatem
1031 4218 1096 4266 tueri
1114 4235 1145 4266 ac
1165 4217 1276 4267 retinere
1291 4222 1390 4267 attten-

216 4288 296 4338 nuper
313 4276 414 4337 Trepdrr
432 4278 548 4326 restituit.
818 4282 854 4331 tia
871 4295 923 4341 cat,
947 4284 1126 4333 decertandum
1143 4296 1195 4335 eat:
1221 4284 1265 4335 ulti
1280 4300 1301 4334 t.
1317 4284 1392 4333 aaa.

265 4344 335 4402 aaron
348 4344 465 4402 acardum
480 4346 567 4411 fumus]
585 4348 614 4394 V.
630 4345 661 4394 od
680 4342 741 4403 11.·1,
755 4347 791 4397 11.
820 4366 844 4413 p.
857 4348 914 4401 tat.
952 4352 1095 4416 Comparari
1112 4363 1213 4417 potent,
1231 4348 1297 4421 quod
1311 4348 1394 4401 romi-

233 4475 239 4486 ι
264 4410 316 4470 troc,
333 4411 395 4470 quod
413 4411 496 4458 datum
513 4416 546 4459 eat
562 4415 635 4475 uitae]
655 4415 685 4463 H.
703 4432 724 4463 e.
743 4414 793 4464 hoc
819 4434 903 4465 corum
922 4424 1051 4485 po'c'turum
1069 4420 1198 4485 proprium
1215 4431 1272 4486 est,
1288 4420 1397 4469 manilius

215 4486 281 4525 vitae
297 4485 404 4542 tempus,
423 4476 491 4543 quod
502 4477 573 4526 nuliis
585 4498 729 4530 coucmaum
745 4492 790 4532 eet.
815 4486 958 4549 predicatore
974 4486 1067 4552 aliquid
1082 4489 1173 4536 tacere.
1198 4490 1303 4539 Terent.
1318 4485 1397 4537 Andr.

264 4546 292 4595 tt
306 4546 367 4595 enim
382 4548 412 4593 stt
426 4546 581 4612 propositam]
600 4546 712 4597 Davisius
727 4565 790 4598 con·
818 4552 836 4600 1.
856 4556 883 4605 l.
905 4552 966 4609 itti,
985 4554 1025 4603 ubi
1045 4572 1067 4603 r.
1086 4556 1259 4605 tulmentum.

213 4612 272 4662 iecit
288 4615 313 4663 td
329 4616 391 4663 caim
405 4614 449 4674 suit
463 4628 517 4675 pa,
543 4615 622 4665 Bouh.
641 4620 666 4667 id
682 4620 743 4667 enim
758 4623 791 4667 est
868 4619 926 4669 car.
943 4621 1002 4671 Χιι,
1023 4624 1044 4689 p.
1061 4621 1102 4673 ¹26.
1137 4626 1238 4673 Tantalo
1251 4620 1395 4687 propnatut]
