2888 5512
606 1646 694 1705 thttt
716 1646 942 1707 cunulssrrru

318 1810 783 1916 nunnnnun
828 1740 1226 1916 nrssnuro

701 2030 729 2077 8.
755 2028 785 2076 P·
813 2028 845 2076 n.

544 2156 767 2247 nnrflnin
793 2160 1002 2249 KUHNER.

293 2482 496 2553 lteenrdanti
513 2480 594 2552 mihi
611 2480 884 2553 iucundissimum
905 2479 986 2551 iuuu
1006 2487 1152 2574 tempus,
1183 2478 1273 2571 pund
1286 2500 1347 2573 ege

188 2624 266 2689 ante
281 2641 403 2712 pauens
416 2642 522 2690 annos
538 2615 727 2715 Gottingae,
750 2620 910 2690 tenerum
923 2617 1043 2689 artium
1059 2615 1346 2708 doctrinarumque

184 2754 329 2843 nutrire,
348 2753 557 2848 antiquarum
571 2754 758 2827 litterarum
773 2754 892 2827 studiis
907 2753 1050 2844 deditus,
1069 2752 1228 2847 transegi,
1246 2776 1345 2845 quum

186 2888 253 2963 alia
273 2890 378 2961 multa
394 2898 590 2981 oeeurrnnt,
616 2914 698 2983 quae
715 2891 857 2963 animum
876 2890 1070 2962 suavissime
1089 2888 1251 2979 afficiant,
1275 2896 1345 2962 tum

188 3025 371 3121 singularis
387 3034 461 3115 tua,
487 3028 768 3122 praestantissime
789 3027 860 3116 vir,
883 3027 1112 3099 benevolentia
1133 3049 1211 3123 erga
1225 3050 1277 3097 me
1294 3031 1345 3095 at-

188 3186 252 3256 que
270 3160 474 3235 hmnauitss:
507 3187 646 3256 quarum
663 3187 702 3235 er
719 3187 758 3236 eu
778 3170 944 3258 tempure,
976 3188 1040 3257 quo
1056 3162 1254 3234 uentriculum
1271 3184 1346 3231 aea-

186 3298 352 3371 aiemienm
376 3300 551 3396 ingressus
575 3299 643 3389 iui,
676 3306 812 3371 tottam
833 3299 1000 3370 iurulenta
1024 3296 1222 3368 exstiterunt
1245 3296 1345 3367 deeu-

192 3440 320 3523 menta,
342 3442 380 3507 ut
394 3436 596 3508 ineredititis
616 3435 748 3528 quidam
765 3441 798 3505 et
814 3433 864 3505 tui
882 3458 974 3505 amur
993 3439 1025 3504 et
1039 3438 1169 3505 tuarum
1188 3432 1344 3505 virtutum

186 3570 362 3643 admiratio
377 3572 413 3643 iu
429 3596 480 3644 me
495 3572 705 3644 excitaretur.
755 3568 889 3643 Etenim
905 3575 942 3642 tu
956 3570 986 3641 is
1000 3568 1111 3659 fuisti,
1136 3569 1192 3662 qui
1205 3594 1273 3643 nun
1288 3596 1344 3643 su-

186 3706 257 3779 lum
274 3730 390 3780 eornm
406 3709 610 3797 studiorum,
636 3730 717 3799 quae
732 3706 900 3801 praeclare
915 3705 1126 3779 humanitatis
1139 3708 1270 3781 nemine
1287 3732 1344 3780 nr-

188 3850 331 3934 uantur,
365 3844 632 3916 ardentissimum
647 3843 725 3916 mihi
743 3867 888 3915 amorem
903 3843 1109 3937 inspiravisti
1128 3844 1167 3917 ad
1191 3868 1294 3937 eaque
1312 3852 1346 3917 et

188 3986 275 4051 nette
300 3980 516 4075 ingredienda
539 3988 572 4052 et
597 3981 747 4075 gnaviter
770 3980 997 4074 persequenda
1021 3979 1123 4051 iacens
1147 3980 1346 4075 praetulisti,

192 4116 246 4187 seri
269 4116 370 4189 etiam
391 4117 428 4189 in
454 4124 524 4190 teta
551 4118 735 4190 steriiorum
752 4117 879 4188 ratione
895 4116 990 4188 rudis
1018 4122 1052 4187 et
1067 4117 1191 4190 iudorti
1216 4115 1346 4190 iuvenis

193 4274 341 4346 gressum
358 4254 485 4326 rexisti.
537 4254 637 4343 Nam,
669 4260 705 4325 ut
724 4254 870 4325 omittam
884 4253 1030 4347 publicas
1048 4253 1197 4342 scholas,
1228 4252 1345 4347 quitus

194 4384 401 4463 inmanitatis
419 4390 623 4485 tiseiptinam
636 4390 818 4480 iuventuti,
843 4391 1001 4463 bonarum
1017 4390 1202 4463 litterarum
1218 4390 1347 4463 studie-

195 4548 261 4617 ιιι,
295 4526 422 4616 tradm,
456 4551 537 4619 quae
565 4533 689 4600 nerunt
719 4550 833 4599 ornnes
860 4551 957 4619 quam
986 4534 1193 4621 praestantes
1220 4527 1288 4599 sint
1314 4534 1348 4599 et

196 4658 396 4754 traetuesae,
430 4664 566 4761 contigit
600 4663 697 4735 etiam
729 4662 826 4753 mitri,
866 4669 903 4735 ut
935 4663 1092 4739 interiore
1127 4663 1266 4757 quadam
1296 4670 1347 4735 te-

198 4818 257 4873 tum
274 4801 497 4897 coniungerer
517 4800 749 4874 familiaritatis
767 4801 940 4874 serietate:
965 4824 1002 4873 er
1022 4826 1084 4893 apua
1107 4822 1207 4892 quum
1221 4816 1349 4879 meeum
