2888 5512
152 285 190 353 tt
609 294 870 347 arcuationem.

232 424 308 481 Tum
327 419 469 494 docetur,

232 531 264 584 2.
309 525 439 581 Mortem
453 542 515 579 non
530 519 619 579 modo
634 521 755 577 maliem
772 541 833 577 non
851 541 925 587 esse,
948 517 1003 577 sed
1015 518 1127 576 bonum
1141 522 1238 577 etiam
1252 542 1323 579 esse.
1364 530 1366 535 '

232 623 264 703 s)
285 624 417 683 Primum
433 623 603 700 quaeritur,
625 620 700 699 quid
717 621 756 679 sit
772 640 853 678 mors
865 621 939 698 ipss.
982 619 1041 677 dlii
1058 618 1219 678 discessum
1234 621 1327 679 animi

148 750 166 787 s
185 746 315 803 corpore
336 734 447 803 putant
470 745 531 782 esse
552 722 696 797 mortlm3
726 721 776 780 alii
800 722 914 780 nullum
934 731 1054 780 censent
1072 720 1136 779 lieri
1157 722 1326 797 discessum,

149 829 274 888 seduna
290 828 420 885 animum
434 836 465 885 et
479 844 590 904 corpus
606 823 751 897 occidere,
774 824 962 900 animmnque
974 822 1006 882 in
1022 843 1150 901 corpore
1166 823 1327 903 exstingai·

114 957 121 967 =
148 930 210 1002 Qui
227 928 377 988 discedere
392 928 521 986 animum
543 937 677 1000 censent,
698 925 752 985 slii
768 926 869 983 statim
887 924 1043 1003 dissipari,
1065 924 1116 982 slii
1131 926 1185 982 diu
1205 944 1326 1004 perum-

149 1052 229 1105 nere‚
249 1030 300 1092 alii
315 1050 496 1109 semper.-
525 1030 622 1087 Porro
639 1028 806 1106 quaeritur,
829 1026 904 1104 quid
919 1027 1172 1105 sitipseanimus.
1189 1057 1233 1070 --
1263 1028 1326 1087 Vi·

150 1134 211 1192 riae
229 1131 481 1210 philosophorum
499 1131 536 1189 de
553 1130 646 1187 animi
663 1139 771 1187 natura
787 1126 958 1187 sll'siruutur
975 1129 1153 1203 sententiaa,
1176 1148 1269 1206 quse,
1291 1138 1327 1188 ut
1352 1168 1355 1173 -

148 1235 229 1291 inter
244 1253 273 1290 se
289 1231 446 1307 dill'ersnt,
468 1231 500 1288 in
517 1231 591 1289 duas
608 1241 707 1309 partes
726 1230 823 1289 dividi
841 1239 976 1308 possunt.
1022 1229 1079 1287 dlii
1098 1230 1176 1287 enim
1194 1240 1324 1302 censent,

147 1335 277 1393 animum
293 1353 353 1392 esse
369 1334 534 1406 nisteriam,
557 1333 607 1390 alii
625 1331 776 1391 diversum
791 1331 932 1409 quiddam
948 1351 965 1387 a
983 1350 1121 1408 corpore.
1139 1336 1303 1391 cir-tt.

233 1432 266 1513 b)
289 1437 493 1511 Quaecunque
508 1444 605 1493 autem
622 1454 723 1494 earnm
737 1433 951 1492 sententiarum
966 1452 1037 1492 vera
1050 1441 1110 1505 est,
1133 1431 1192 1490 lroc
1209 1441 1325 1490 certum

148 1548 201 1609 est,
223 1551 348 1594 mortem
363 1547 419 1594 uut
431 1537 552 1592 molum
565 1558 625 1593 non
640 1558 714 1603 eos-r,
738 1547 792 1591 aaut
806 1535 917 1591 bonum
925 1538 1043 1612 potios.
1088 1535 1160 1592 Nam
1176 1531 1207 1608 u}
1220 1533 1245 1591 ei
1260 1542 1323 1590 sla-

148 1639 275 1710 tuimus‚
297 1637 427 1693 animum
445 1655 505 1693 esse
520 1635 672 1693 materiam
689 1644 800 1693 etcum
817 1654 945 1711 corpore
960 1633 1101 1708 interire,
1124 1634 1241 1713 pariter
1257 1654 1325 1693 cum

148 1740 212 1798 vitu
226 1756 329 1795 sensus
343 1736 510 1810 amittitur3
533 1736 584 1813 qui
599 1745 696 1794 sutem
710 1736 805 1793 omnis
820 1755 922 1793 sensus
930 1754 1037 1813 expers
1051 1746 1102 1809 cst,
1124 1736 1253 1794 inmiser
1263 1733 1325 1793 dici

147 1859 210 1896 non
231 1845 344 1916 polest3
372 1856 443 1914 ergo
461 1856 541 1894 mora
560 1858 622 1896 nou
641 1847 685 1897 est
703 1836 821 1895 melum.
864 1833 895 1912 β)
915 1837 944 1894 Si
962 1856 1035 1894 vero
1053 1836 1226 1911 statuimus,
1254 1837 1323 1895 sni-

147 1959 227 1997 mum
248 1939 399 1997 diversum
417 1937 557 2014 quiddam
577 1958 673 1997 esses
698 1958 825 2016 corpore
845 1947 959 2015 etpost
980 1948 1105 1997 mortem
1123 1957 1243 1996 manere
1260 1935 1326 1997 sivs

147 2039 342 2100 immortalem
358 2060 434 2114 esse,
455 2060 576 2117 sperare
590 2040 675 2114 licet,
697 2041 827 2112 animos,
849 2058 941 2116 quum
955 2058 971 2096 e
985 2059 1114 2117 corpora
1132 2039 1325 2113 excesserint,

147 2145 181 2202 iu
201 2142 352 2202 meliorem
368 2141 588 2220 beatioremqus
604 2161 690 2219 posse
710 2143 868 2220 pervenire
890 2151 1011 2200 sutum.
1054 2141 1146 2213 Quod
1166 2141 1194 2199 si
1209 2140 1253 2199 ita
1271 2150 1324 2214 rat,

146 2245 293 2321 sequitur,
308 2255 434 2303 ntorum
445 2264 505 2300 uon
518 2244 607 2302 modo
619 2247 738 2301 irratam
749 2265 811 2302 ooo
822 2266 894 2317 esse,
911 2242 967 2301 sed
976 2241 1086 2300 donum
1099 2247 1195 2300 etium
1208 2240 1323 2321 ωδ).

146 2367 173 2404 c·
193 2350 242 2405 11.
263 2376 306 2388 --
340 2343 399 2401 lem
418 2354 591 2421 argumenta
605 2344 793 2419 afferuntur,
815 2344 924 2421 quibus
942 2343 1179 2417 demonstretur,
1202 2348 1324 2403 animos

147 2470 209 2505 esse
224 2445 422 2504 immortales.

231 2543 277 2625 (1)
299 2544 497 2622 Argumenta
519 2566 597 2624 quare
619 2545 766 2604 dicuntur
784 2546 944 2606 historico.
992 2546 1227 2606 lmmortslitalis
1250 2547 1322 2627 opi-

148 2647 265 2706 nionem
288 2643 459 2704 hominibus
476 2656 585 2705 natura
600 2645 732 2704 innalam
746 2667 820 2721 esse,
849 2646 881 2725 α)
903 2649 1031 2727 primum
1048 2648 1244 2708 confirmatur
1260 2670 1322 2707 au-

146 2751 289 2806 ctoritate
298 2749 399 2805 cornis
412 2750 630 2825 antiquitatis:
658 2769 733 2825 quae
750 2767 811 2826 quo
824 2750 951 2828 propius
966 2752 1069 2809 aberat
1082 2751 1120 2809 ab
1139 2762 1211 2808 ortu
1225 2760 1255 2808 et
1269 2750 1321 2809 di-

146 2848 216 2908 vina
240 2848 396 2928 progenie,
424 2847 483 2907 hoc
503 2847 607 2907 melius
631 2869 663 2907 ea
686 2851 824 2924 sortasse,
851 2871 928 2928 quae
950 2862 1035 2911 erant
1054 2872 1142 2925 vers,
1168 2853 1321 2911 cernebat.

146 2952 361 3030 Antiquitstem
383 2959 482 3009 antem
502 2950 559 3009 hac
579 2951 747 3009 animorum
765 2951 997 3012 immortalitatis
1019 2955 1161 3033 opinione
1176 2953 1322 3013 imbutam

144 3056 249 3128 fuisse,
279 3072 373 3132 quum
394 3052 497 3111 multis
519 3052 586 3111 aliis
610 3052 715 3127 rebus,
743 3062 809 3111 tum
833 3077 848 3111 e
873 3057 1082 3132 sepulcrorum
1108 3057 1322 3124 caerimoniis,

144 3175 217 3231 quas
231 3174 343 3212 summu
357 3175 428 3213 curs
444 3155 553 3227 coluit,
581 3163 610 3214 et
626 3175 739 3214 amore
754 3151 850 3214 claros
867 3155 951 3214 viros
964 3165 995 3215 et
1008 3156 1130 3215 seminas
1144 3156 1177 3214 iu
1192 3156 1324 3215 deorum

144 3272 300 3313 numerum
316 3255 515 3315 transferendi
528 3257 693 3336 intelligere
705 3257 784 3316 licat
807 3278 831 3317 c
846 3263 896 3317 m.
911 3289 956 3303 -
976 3255 1008 3336 β)
1023 3267 1088 3316 tum
1102 3278 1249 3318 conseruo
1258 3279 1320 3336 po-

139 3355 287 3432 quslorum
309 3359 445 3413 omnium
462 3357 500 3416 de
518 3360 686 3418 animorum
708 3359 944 3419 immortalitate:
976 3360 1055 3418 unde
1071 3369 1213 3438 apparet,
1240 3359 1321 3418 hanc

142 3455 313 3533 opinionem
336 3477 397 3515 uon
419 3457 621 3520 collocutione
640 3471 693 3520 aut
711 3462 912 3519 conventione
932 3458 1086 3519 hominmn
1106 3461 1240 3519 allectam
1263 3481 1321 3520 nc-

143 3577 201 3634 que
216 3557 365 3617 institutis
378 3570 432 3617 sut
447 3559 559 3636 legibus
576 3560 779 3617 confirmstam
793 3579 869 3634 esse,
888 3560 940 3619 sed
952 3572 1062 3622 natura
1077 3563 1215 3622 omnibus
1227 3563 1320 3621 inna-

141 3666 211 3717 tam.
232 3662 379 3717 ο.1ὅ.-
400 3656 432 3738 y)
449 3658 578 3736 denique
591 3678 642 3733 eo,
664 3658 746 3735 quod
761 3663 902 3719 omuibus
916 3684 991 3721 cmo
1010 3668 1122 3722 inrecta
1141 3675 1184 3722 eet
1201 3685 1319 3733 eorum,

142 3782 220 3839 qum
230 3769 442 3837 postmortem
452 3760 568 3835 futura
582 3762 655 3819 aiat.
698 3760 835 3821 lnlraeret
850 3764 972 3823 enimin
986 3766 1135 3824 mentibus
1149 3765 1234 3843 quasi
1250 3784 1319 3825 sss-

141 3862 279 3921 culorum
301 3859 451 3938 quoddam
472 3862 633 3939 augurium
655 3862 842 3939 futurorum,
871 3865 963 3943 idque
981 3867 1012 3925 in
1036 3846 1171 3925 mdximia
1191 3866 1322 3946 ingeniis

140 3962 349 4041 altissimisque
362 3962 467 4021 animis
480 3971 511 4022 et
526 3964 642 4023 exsistit
655 3965 790 4040 maxime,
812 3976 843 4024 et
855 3979 981 4045 apparet
996 3968 1147 4027 facillime:
1170 3989 1232 4046 quo
1246 3969 1320 4047 qui-

139 4061 204 4121 dem
224 4066 360 4143 dempto,
382 4064 449 4142 quis
469 4074 528 4121 torn
548 4074 623 4125 esset
642 4086 757 4141 amens,
786 4069 838 4145 qui
856 4089 970 4148 semper
990 4069 1022 4128 in
1041 4071 1195 4130 laboribus
1214 4079 1243 4129 ct
1259 4089 1317 4149 ps-

139 4162 243 4222 riculis
257 4166 384 4225 viveret·
405 4187 433 4225 c.
446 4170 495 4227 11.
514 4171 564 4226 ld.

223 4263 269 4341 (2)
285 4267 482 4343 Argumenta
497 4289 577 4346 quae
595 4269 744 4329 dicamur
766 4274 979 4351 nretoplq‘sica
1004 4271 1174 4352 (rationisa
1190 4270 1319 4353 prium).

137 4365 303 4442 Antequam
328 4375 426 4425 autem
446 4369 551 4429 Cicero
573 4371 611 4428 ad
638 4373 838 4431 enumeranda
857 4384 888 4433 et
911 4375 1107 4433 examinanda
1129 4374 1203 4433 lisec
1223 4394 1319 4454 argu-

137 4475 234 4527 menta
250 4468 375 4542 transit,
397 4467 528 4547 primum
542 4471 675 4548 qusarit,
697 4473 792 4551 qualis
809 4475 907 4534 auimo
920 4476 1129 4536 informandus
1142 4477 1181 4535 sit
1196 4477 1318 4536 animo·

203 4579 229 4643 4)
250 4584 281 4635 V.
297 4599 344 4634 nos
358 4581 384 4633 in
400 4582 466 4636 libro
484 4583 554 4636 dicto
570 4587 600 4637 dc
617 4589 734 4640 Ciceronis
749 4590 775 4640 itt
787 4591 874 4652 ormi.
890 4606 948 4642 mer.
966 4608 992 4659 p.
1008 4586 1061 4642 ²18
1075 4608 1113 4657 sq.
1123 4587 1161 4669 i).
