2888 5512
465 714 589 763 crura
608 716 638 766 ν.
658 712 706 775 as,
724 712 767 764 νο.
1133 702 1194 767 457

34 836 127 897 oerc⁸
141 852 201 896 non
218 834 420 917 potuerunt⁸l
462 830 544 896 Illius
562 832 683 917 epistola
699 836 792 896 lentur
807 834 852 896 his
869 835 985 897 verbis:
1011 834 1195 915 „Ascensu-

33 966 77 1007 srs
91 942 228 1007 tirason
244 964 387 1007 saturnus.
431 941 507 1005 dlihi
527 944 668 1006 aruietui⁴
688 955 733 1007 est
754 940 924 1029 Scythicum
946 944 1111 1029 tegifieu⁵‚
1136 948 1194 1009 cal·

33 1055 234 1119 ciamentum⁶
261 1054 390 1116 solorum
415 1054 537 1131 callum,
572 1054 666 1117 cubile
693 1065 789 1133 terra,
821 1056 1058 1140 pulpamentnm⁷
1084 1059 1194 1135 tames,

30 1165 125 1241 lacte,
157 1186 263 1242 cnseo,
289 1184 377 1227 carne
399 1185 516 1227 vescor.
563 1163 664 1247 Quare
681 1176 712 1227 ut
725 1167 759 1227 od
778 1167 905 1248 quietum
926 1186 971 1229 mc
987 1167 1056 1229 lieet
1078 1168 1192 1231 venias.

29 1274 159 1341 Munera
183 1286 279 1338 sutem
298 1276 370 1351 ista,
400 1276 502 1359 quibus
520 1296 553 1338 es
575 1277 753 1352 delectatus,
784 1277 832 1339 rel
851 1277 963 1339 civibus
988 1279 1046 1340 tois
1069 1278 1115 1341 rel
1140 1280 1195 1341 diis

27 1386 245 1451 immortalibus
262 1385 378 1448 hona.“
424 1383 535 1449 Omnes
555 1388 617 1449 lere
641 1386 801 1470 philosophi
819 1388 946 1449 omnium
965 1388 1192 1472 disciplinarum,

29 1498 86 1561 nisi
101 1518 177 1582 quos
191 1518 208 1559 a
221 1506 302 1559 recta
316 1496 430 1559 ratione
443 1508 545 1559 natura
560 1497 666 1559 vitiosa
681 1496 866 1573 detorsisset,
888 1499 990 1560 eodem
1006 1498 1083 1560 hoc⁸
1099 1500 1196 1562 animo

28 1628 99 1673 esse
112 1618 282 1693 potuerunt.
327 1615 380 1669 ot.
406 1604 558 1685 Socrates,
582 1608 610 1669 in
624 1629 726 1692 pompa
740 1629 825 1689 quom
840 1629 944 1691 magua
956 1610 1001 1671 ris
1014 1609 1077 1672 auri
1093 1631 1196 1692 argen-

27 1718 110 1803 tique
131 1720 275 1781 icrretur:
311 1716 415 1795 ρνκινκ
440 1718 540 1781 mrrlta
562 1736 627 1780 nort
647 1718 820 1781 desidero!
848 1718 949 1801 inquit.
995 1717 1194 1797 Xenocrates,

25 1851 119 1913 quum
139 1828 227 1913 legati
251 1826 288 1890 ah
304 1828 476 1891 Alexandro
492 1828 698 1912 quinquaginta
724 1828 750 1891 ei
774 1829 882 1891 talenta
905 1830 1089 1909 attulissent,
1122 1852 1195 1913 quae

29 1950 99 2003 erat
113 1938 237 2025 pecnnia
253 1938 431 2023 temporibus
448 1939 523 2016 illis,
547 1938 675 2001 Athenis
690 1940 882 2023 praesertim,
906 1939 1050 2018 maxima,
1075 1941 1197 2003 abduxit

26 2052 147 2135 legatos
166 2048 203 2111 nd
224 2068 346 2112 coenam
362 2050 393 2111 in
408 2050 616 2127 Academiam,
645 2049 682 2113 iis
704 2050 840 2134 apposuit
864 2061 994 2129 tautum,
1027 2052 1102 2134 quod
1123 2052 1195 2113 sotis

30 2172 133 2239 esset,
156 2160 235 2223 nullo
249 2169 398 2244 apparatu.
444 2158 541 2243 Quum
558 2160 697 2245 postridie
714 2172 854 2245 rogarent
871 2181 955 2241 eum,
979 2160 1026 2224 cui
1046 2164 1193 2225 numerari

99 2326 160 2381 ὃν.
174 2328 237 2379 Adra.
270 2324 289 2379 4
306 2330 374 2379 Unus
394 2332 438 2378 Ox.
452 2328 527 2378 Vind.
547 2330 569 2378 l.
585 2338 612 2379 et
628 2330 723 2397 aliquot
738 2330 795 2380 edd.
814 2340 875 2381 vett.
890 2335 989 2381 omiclrts
1019 2331 1132 2380 molend
1151 2332 1195 2380 Gr.

27 2396 185 2467 περίβλημο.
219 2396 237 2447 5
253 2395 294 2447 stc
301 2400 341 2445 Or.
352 2415 374 2447 e.
388 2397 416 2444 R.
432 2397 535 2446 P.Med.
552 2396 636 2448 Duisb.
655 2399 724 2447 Mon.
736 2398 758 2447 l.
776 2398 855 2449 hlarb.
872 2397 923 2465 thie
937 2369 1048 2461 reffert)
1065 2416 1110 2465 pro
1128 2398 1194 2465 vulg.

26 2474 129 2529 ttamen.
163 2460 239 2515 dstc
256 2482 340 2514 omnes
357 2463 431 2515 codd.
451 2473 477 2513 et
497 2464 553 2514 edd.
571 2474 669 2531 praeter
686 2464 790 2515 ttw01t
808 2475 833 2515 et
849 2468 875 2515 S.
892 2484 938 2532 pro
955 2470 1066 2517 colerem.
1102 2462 1118 2515 7
1136 2467 1165 2515 L.
1182 2484 1196 2515 e

29 2535 97 2585 coni.
113 2542 141 2583 et
156 2532 207 2583 tat.
220 2530 244 2581 ².
262 2534 327 2583 Petr.
343 2543 368 2581 et
384 2550 446 2581 unus
463 2532 525 2582 hall.
541 2538 693 2595 pulmentum.
727 2533 745 2583 8
762 2533 802 2583 Sic
818 2538 860 2583 Or.
879 2532 1028 2584 comnibus
1045 2532 1133 2589 codd.;
1152 2532 1195 2585 Kl.

29 2620 53 2653 e.
69 2600 166 2651 omnib.
181 2600 236 2651 edd.
252 2610 314 2651 vett.
330 2603 481 2665 tornodoro,
498 2612 524 2650 at
540 2618 605 2651 nunc
621 2602 646 2651 in
662 2601 725 2651 Add.
743 2602 854 2667 praefert
868 2605 918 2653 eod.
934 2606 957 2653 lc

29 2722 92 2771 Em.
103 2720 146 2768 trr.
161 2734 188 2785 p.
197 2718 238 2771 ¹29.
248 2718 386 2786 praelatum
400 2729 438 2767 est
452 2718 524 2767 alteri
538 2718 602 2768 scri-
627 2718 719 2785 podpcl
735 2736 789 2779 σοι,
808 2716 919 2786 dissid
936 2715 991 2777 ’ὅσοι
1006 2720 1195 2792 Καρχηδονίων,

49 2798 123 2837 turne
136 2792 248 2849 poterw,
265 2804 337 2854 quam
352 2786 468 2836 exhibent
480 2788 535 2836 Vnt.
552 2786 602 2835 duo
628 2786 664 2839 sl<
678 2786 750 2855 χάριν
764 2786 811 2853 στ’,ν
826 2784 952 2841 α’νάὲεσὲε
966 2794 1040 2847 ἓεοῖς.
1069 2793 1196 2854 Leguntur

53 2854 98 2905 att.
114 2864 229 2923 quattuor
244 2860 305 2905 Oxs.
319 2854 392 2905 Vind.
411 2853 489 2904 ilchd.
505 2852 603 2904 cett.
627 2854 690 2903 haec
706 2854 729 2903 in
744 2856 815 2919 epist.
828 2856 943 2905 Generne
957 2856 1029 2905 editis
1044 2875 1068 2923 p.
1077 2858 1144 2919 349,
1161 2856 1196 2907 uti

26 2923 113 2976 Msrh.
138 2922 208 2973 Mon.
226 2924 248 2973 l.
265 2926 306 2981 ¹2..
340 2922 445 2989 primurn
469 2922 536 2989 quod
561 2921 603 2971 itta
628 2922 702 2971 docet
724 2926 851 2983 Dotdsins,
877 2923 917 2989 qui
941 2924 1027 2973 ultima
1053 2924 1089 2973 sic
1112 2924 1195 2991 legere

24 2992 154 3059 scripturo
178 2991 331 3059 optimorum
356 2990 429 3040 codd.
454 2990 603 3041 erectoritate
628 2990 695 3039 vult:
723 2985 797 3054 decis
812 2986 841 3043 δὲ
861 2996 913 3049 τοῖς
928 2991 1111 3059 Καρχηδονίοις
1127 2992 1197 3059 pact«

24 3058 133 3117 nititur;
170 3056 261 3109 deinde
286 3058 354 3125 quod
384 3058 522 3125 perlectum
546 3057 604 3107 huic
629 3058 704 3120 ζεσὲε
720 3050 739 3125 ἦ
758 3052 885 3111 οἷνάὸεοὲε
911 3066 993 3118 leole:
1018 3059 1077 3108 sutis
1102 3061 1195 3126 proha-

26 3126 90 3179 locn
113 3126 201 3177 melius
231 3126 354 3177 convenit.
396 3130 513 3176 Nostrates
536 3126 600 3175 euim
628 3125 717 3176 hiliter.
753 3127 868 3177 Ceterum
885 3127 960 3189 haec,
979 3136 1005 3176 ut
1021 3127 1083 3177 aliae
1098 3128 1196 3195 episto-

26 3194 177 3265 philosnphi
191 3205 351 3261 opponuntur
368 3196 467 3254 Scythae
480 3196 601 3244 Aoochor·
625 3194 679 3254 lae,
706 3212 720 3243 a
743 3195 861 3261 sophistis
886 3196 991 3247 corilicta
1018 3206 1044 3247 et
1061 3196 1195 3247 Anacharsi

26 3266 77 3315 sids'
83 3301 92 3326 ,
108 3262 126 3313 i.
136 3280 159 3313 e.
176 3264 278 3311 hnrhoro
293 3262 457 3329 philosopho,
481 3261 513 3311 ob
531 3279 600 3311 cam-
625 3263 750 3329 supposita
768 3272 813 3313 est.

44 3350 78 3382 ne
93 3348 205 3381 messam
226 3328 380 3397 intelligendi
403 3340 457 3377 sunt
481 3346 530 3379 non
547 3340 600 3379 tam
675 3334 806 3393 Scythicam
823 3333 931 3399 reptem]
959 3332 1044 3380 lustin.
1065 3332 1096 3387 ¹2,
1114 3334 1138 3379 ⁴2.
1164 3330 1196 3377 de

25 3348 138 3451 homati
153 3396 304 3465 philosophi.
321 3397 362 3465 qui
379 3396 502 3446 Ciceronis
518 3408 600 3448 aetate
624 3399 1195 3466 Scythis:pelithrrsserr‘m'snntmnrr'ulsutuntur.

25 3476 119 3527 erant,
144 3482 217 3533 quant
239 3470 339 3528 Grttecs‘,
361 3465 401 3531 qui
425 3464 473 3513 iarn
495 3465 600 3514 fuerant.
674 3469 775 3515 solorum
791 3466 888 3530 collum]
910 3466 939 3511 Η.
950 3482 972 3511 r.
993 3463 1061 3527 pedis
1080 3462 1172 3527 planta.

31 3534 75 3584 Cl'.
93 3552 116 3585 c.
128 3532 176 3591 31,
189 3530 230 3585 ὥ.
246 3543 273 3583 et
290 3535 362 3589 cdd,
381 3532 428 3583 llll:
447 3549 531 3581 omues
547 3533 601 3581 l'ere
676 3539 761 3582 notura
771 3530 865 3596 citrosa]
882 3548 971 3587 mores,
985 3529 1083 3579 indoles
1100 3528 1196 3579 vitiosa.

27 3598 180 3669 philosophi
199 3628 232 3639 —
253 3600 342 3651 eodem
368 3600 418 3649 hoc
441 3600 523 3649 animo
548 3617 601 3649 esse
627 3598 953 3665 Deseq.indic.potueruut
969 3616 992 3647 ν.
1008 3597 1040 3646 ad
1055 3596 1126 3661 llll,
1143 3596 1195 3649 116.

28 3678 180 3739 potueruut.
212 3670 248 3719 tte
263 3667 356 3735 duplici
378 3668 512 3733 praeterito
529 3686 552 3717 v.
570 3666 602 3715 ad
677 3670 698 3729 l.
715 3666 755 3718 dt.
785 3668 891 3715 Socrates
909 3672 932 3716 irr
948 3681 1037 3728 pompe
1055 3668 1115 3729 cto]
1134 3666 1195 3715 llcm

32 3736 84 3797 Η,
101 3736 142 3789 42·
176 3736 317 3803 Suspicatus
333 3734 398 3785 idem
417 3738 534 3796 trenno,
558 3734 601 3783 Ci-
626 3734 710 3799 potrllo
736 3733 808 3783 aliter
836 3732 913 3783 tradit
939 3734 1011 3798 Diog.
1038 3734 1065 3782 l..
1089 3738 1120 3792 ζ’,
1146 3736 1193 3783 25:

30 3822 151 3859 ceronens
165 3802 192 3855 in
206 3804 253 3855 hnc
267 3804 298 3853 de
313 3804 417 3869 Epicuro
434 3802 601 3869 disputatione
626 3800 753 3859 Πολλάκις
769 3796 792 3853 δ’
807 3794 908 3865 ἀφορῶν
928 3799 1092 3866 (Σωκράτης)
1110 3800 1147 3859 εἰς
1164 3798 1196 3855 τοὶ

27 3874 100 3925 idem
115 3871 218 3931 secisse,
242 3870 310 3940 quod
325 3875 467 3922 Paterentur
491 3870 524 3933 tin
546 3870 597 3919 lud.
624 3869 713 3935 πλήὲη
736 3871 787 3920 τῶν
811 3868 1017 3934 πιπρασκομένων
1042 3867 1112 3921 dhes
1133 3866 1196 3935 πρός

27 3942 140 3993 seholnr.
157 3956 243 4009 gymu.
267 3940 356 3990 Hamb.
376 3938 458 3991 tetta.
482 3939 506 3989 iu
532 3938 600 3989 libris
626 3934 714 3991 αὐτόν·
734 3933 829 3989 ΙΙᾶοων
847 3934 899 4001 ἐγώ
916 3938 1000 4004 χρείαν
1018 3930 1065 3990 ον’κ.
1083 3888 1141 4007 ἔχω.

28 4012 63 4061 de
79 4010 113 4059 N.
132 4010 180 4065 ll..
197 4010 332 4073 Hodolpios
351 4020 384 4074 tp.
395 4008 496 4063 LXtV..
515 4026 539 4073 p.
550 4008 600 4070 35,
676 4009 747 4069 tepoti
761 4009 791 4054 ab
806 4006 950 4072 Alexandro]
969 4006 1005 4055 De
1019 4006 1091 4057 ottic.
1111 4010 1133 4065 t,
1151 4006 1193 4059 13:

26 4080 91 4130 Exc.
106 4078 138 4126 V.
156 4076 222 4139 vti.)
247 4075 274 4127 in
296 4075 364 4125 libris
385 4072 417 4122 de
434 4073 503 4123 Finu.
521 4073 553 4123 nh
570 4090 600 4123 co
625 4074 759 4124 Maximum
780 4084 860 4124 autem
882 4073 1020 4142 exemplum
1035 4087 1072 4126 est
1087 4075 1195 4125 iustitiae

27 4146 126 4197 lactum
149 4142 344 4201 demonstravit,
370 4152 397 4190 ut
418 4159 493 4207 saepe
514 4142 599 4199 tacite,
625 4142 649 4192 in
667 4142 764 4193 hostem
782 4141 943 4192 amaiorihus
961 4144 1052 4193 nostris
1071 4143 1194 4192 constitu—

27 4212 236 4283 quuanrsecurn
245 4212 390 4279 scriptorem
399 4209 599 4277 elegisset,qnem
624 4221 685 4269 tum,
703 4228 777 4277 qutun
793 4227 810 4260 n
824 4214 914 4273 Pyrrho
928 4214 1030 4273 perturpe
1046 4209 1142 4257 seriirtui
1157 4217 1196 4256 est

27 4290 191 4347 sequeretur,
218 4280 269 4330 eius
293 4296 340 4329 non
365 4277 444 4327 solum
466 4279 599 4329 sententias
623 4279 765 4346 pollicitus,
794 4296 821 4328 sc
846 4295 966 4325 venenum
993 4276 1044 4340 regi
1071 4275 1193 4322 elaturum.

28 4358 151 4415 totasque
171 4346 349 4415 disputationes
373 4358 531 4411 excerperet,
556 4346 600 4397 seul
625 4350 669 4396 Est
692 4348 786 4396 Graeco
809 4355 939 4395 structura.
974 4344 1004 4391 V.
1024 4344 1124 4393 Ochsucr
1142 4340 1193 4390 Ecl.

28 4414 110 4469 etiarn
127 4414 200 4465 recha
214 4414 268 4483 ipsa
284 4414 429 4481 simpliciter
443 4424 558 4463 verteret.
628 4414 678 4463 Cic.
696 4432 721 4479 p.
736 4412 791 4463 139.

84 4484 226 4535 Anacharsis
242 4486 368 4547 llonaom'}
395 4482 490 4532 Graecn
513 4482 550 4532 sic
573 4499 600 4530 se
675 4477 980 4543 qninqanpa‘ntnes'tnlmlo]
995 4479 1103 4527 davides
1113 4496 1194 4546 comp.

27 4554 143 4607 habeut:
160 4544 433 4619 ’ampcpotc'tmoic
461 4545 539 4615 Ἐμοὶ
557 4546 601 4614 μὲν
627 4549 752 4599 Plutarch.
772 4548 840 4597 Alex.
861 4564 885 4612 p.
903 4546 960 4595 otis.
986 4544 1017 4594 de
1042 4545 1100 4595 l'ort.
1123 4547 1193 4598 Alex.

26 4620 177 4690 πιρνβλημα
200 4619 289 4689 χλαῖνα
313 4614 451 4682 inuitem,
479 4614 602 4683 ν’πόδημοι
626 4614 858 4683 pestruensis.
875 4614 955 4663 octt.
973 4612 1050 4680 pto.
1068 4616 1191 4666 onxxl.

27 4690 115 4755 δέρμα
123 4690 223 4742 ποδῶν·
241 4688 313 4753 κοίτη
325 4685 354 4741 δὲ
366 4687 436 4739 πᾶσα
446 4688 491 4752 γῆ,
505 4691 601 4737 δεῖπνον
626 4702 651 4751 p.
660 4684 717 4736 titt.
735 4683 806 4733 Stob.
816 4685 893 4731 Serm.
903 4682 933 4730 V.
950 4701 974 4749 p.
985 4680 1025 4736 74,
1049 4684 1098 4733 sed
1112 4684 1192 4733 vater.

28 4758 78 4811 scut
94 4748 195 4821 ἄριστον
212 4754 284 4840 Jc'rln
307 4754 350 4807 καὶ
373 4752 448 4840 τυρὸς
465 4752 508 4806 καὶ
526 4752 602 4819 κρέας
626 4754 691 4803 Mox.
707 4754 737 4803 V.
750 4752 781 4810 3,
799 4751 823 4803 3.
844 4760 868 4800 et
888 4750 959 4817 Diop.
978 4752 1006 4801 L.
1023 4750 1054 4810 l,
1069 4756 1093 4801 s.
1111 4752 1194 4801 telen-

26 4820 121 4887 ὄπτόν,
134 4830 197 4877 πιεῖν
210 4828 287 4891 odore.
316 4818 366 4882 Ὡς
381 4842 423 4875 ουν
436 4816 539 4886 ἄγοντές
554 4838 601 4885 μου
625 4830 707 4871 torum
720 4837 847 4870 numerum
862 4838 912 4871 iton
925 4820 1028 4877 addunt,
1047 4820 1153 4886 llesych.
1169 4829 1195 4867 et

28 4886 142 4961 σχολήν,
158 4882 194 4945 oio
209 4892 356 4945 οἱπλεῖστοι
372 4888 453 4943 ἕνεκεν
469 4884 600 4959 οἷοχολοῦν-
626 4888 693 4939 Suid.
707 4894 803 4953 trtpr’nto
820 4899 922 4953 ponunt.
932 4917 964 4926 -
981 4890 1074 4937 Athenis
1087 4900 1193 4948 promer-

25 4978 89 5025 τοιι,
112 4960 253 5027 παραγίνου
269 4977 288 5010 r
304 4956 333 5017 ός
346 4975 392 5024 με,
410 4958 436 5010 εἴ
448 4974 502 5009 τινα
515 4956 601 5027 χρείαν
625 4960 681 5019 tim,
698 4973 761 5023 quae
778 4956 881 5023 pecnnia
897 4972 948 5005 non
965 4954 1132 5004 abundabunt.

24 5028 111 5097 ἔχοις·
127 5028 201 5095 δῶρα
215 5026 259 5094 δέ,
277 4976 314 5086 ol<
328 5024 481 5093 ἐντρυφᾶτε,
496 5020 599 5079 droedo-
675 5030 774 5086 mnhrm,
787 5026 849 5087 qnod
860 5022 993 5084 sottresset]
1009 5022 1040 5069 tt.
1050 5038 1070 5069 e.
1088 5028 1191 5077 tanturm,
