2888 5512
238 678 304 744 368
676 688 798 739 einen
816 687 857 738 ιι.
875 682 983 747 tuen

239 812 335 896 psisse
349 809 578 873 existimamus³
596 808 700 869 iratum
717 805 886 869 Arnim?
927 804 1062 886 Aguntur
1076 803 1131 865 ista
1146 800 1313 885 praeclare,
1337 812 1368 865 et
1379 800 1411 863 ab

240 930 359 983 oratore
377 918 493 1001 quidem
510 916 631 992 ntelius,
656 916 681 978 si
700 916 787 977 modo
804 925 850 976 est
868 925 986 990 orator,
1018 934 1102 996 quam
1121 911 1159 973 ab
1178 911 1238 973 ullo
1257 911 1410 989 histrione,

238 1030 291 1092 sed
305 1039 433 1111 aguntur
445 1027 553 1089 leniter
565 1036 596 1087 et
606 1036 704 1087 mente
718 1024 884 1107 tranquilla.
931 1020 1098 1084 Libidinem
1113 1042 1187 1084 vero
1201 1021 1323 1082 laudare
1336 1021 1410 1083 euius

238 1149 286 1201 est
302 1137 449 1199 libidinis?
493 1134 723 1198 Themistoclem
741 1133 810 1194 mihi
831 1144 861 1194 et
878 1131 1109 1195 Demosthenem
1129 1131 1290 1215 profertis,
1313 1130 1410 1193 additis

238 1244 457 1332 Pythagoram,
481 1243 703 1321 Democritum,
731 1241 898 1304 Platonem.
946 1241 1045 1324 Quid?
1073 1262 1128 1303 vos
1146 1241 1246 1303 studia
1270 1240 1425 1319 libidinem,

238 1357 373 1421 vocatis?
395 1375 470 1437 quiec
487 1354 535 1416 vel
555 1355 728 1436 optimarum
746 1373 861 1429 rerum,
887 1362 918 1413 ut
936 1372 971 1415 ea
984 1361 1070 1428 sunt,
1095 1370 1171 1434 quae
1187 1350 1346 1434 profertis,
1366 1370 1410 1413 se·

239 1468 306 1528 data
331 1476 428 1527 tamen
453 1475 483 1527 et
507 1463 660 1546 tranquilla
687 1482 753 1525 esse
784 1462 901 1524 debent.
950 1458 1010 1523 lam
1039 1460 1257 1543 aegritudinem
1284 1460 1409 1537 laudere,

240 1597 327 1639 uttam
344 1595 405 1637 rem
421 1574 548 1636 maxime
567 1572 791 1650 detestabilem,
815 1592 939 1655 quorum
958 1581 1004 1634 est
1020 1571 1137 1633 tandem
1158 1568 1410 1653 philosophorum!

240 1685 455 1748 accommode
477 1683 554 1745 dixit
575 1682 736 1744 Afranius:

443 1797 597 1855 Dummddo
620 1795 715 1853 dolent
733 1795 863 1871 olr'quid,
888 1794 983 1851 dolent
1003 1791 1191 1870 qntttutdert.

240 1902 326 1967 Dixit
341 1904 418 1966 enim
432 1904 468 1966 de
486 1902 676 1966 adolescente
687 1901 800 1986 perdito
812 1921 847 1963 ac.
857 1900 1017 1977 dissolut03
1041 1920 1096 1962 nos
1111 1910 1212 1962 autem
1225 1900 1260 1962 de
1272 1898 1413 1963 constanti

239 2015 305 2077 viro
317 2013 486 2096 insapienti
503 2011 682 2095 qiiserimus.
707 2009 747 2071 Et
757 2010 872 2093 quidem
883 2010 973 2094 ipsam
986 2010 1062 2071 illam
1079 2009 1153 2071 iram
1165 2009 1412 2073 centuriohabett

239 2133 287 2184 aut
310 2123 435 2203 signiter
452 2121 500 2182 rel
518 2120 627 2196 ceteri,
659 2120 694 2181 de
710 2120 815 2202 quibus
831 2120 886 2181 diei
904 2140 963 2181 non
982 2139 1107 2183 necesse
1124 2131 1187 2196 est,
1214 2140 1252 2182 ne
1268 2120 1411 2182 rhetorum

237 2230 402 2314 operiamus
418 2228 570 2312 mysteria.
618 2227 696 2292 Utile
717 2237 763 2289 est
777 2228 873 2307 enim,
898 2229 939 2291 uti
957 2241 1038 2291 motu
1051 2228 1153 2307 animi,
1178 2229 1229 2311 qui
1245 2230 1288 2305 uti
1303 2229 1411 2292 radone

238 2362 296 2403 nou
311 2349 426 2424 potest,
450 2360 504 2401 uos
522 2349 637 2417 autem,
665 2349 696 2400 ut
714 2338 862 2401 testihuor
876 2359 983 2422 saepe,
1007 2339 1043 2401 de
1058 2342 1195 2422 sapiente
1213 2339 1389 2422 quaerimus.

322 2446 447 2513 xxvi.
493 2457 547 2511 56.
573 2449 614 2510 At
631 2448 717 2511 etiam
738 2447 878 2510 aemulari
899 2449 969 2510 utile
987 2459 1049 2525 est,
1082 2448 1300 2527 obtrectarel,
1330 2447 1412 2511 uise-

238 2560 308 2621 reri.
334 2595 376 2606 —
413 2556 477 2620 Cur
494 2558 654 2619 misereare
674 2558 787 2641 potius,
811 2578 896 2640 quant
914 2559 993 2619 seras
1008 2578 1111 2641 opem,
1138 2557 1163 2621 si
1185 2558 1213 2619 id
1234 2560 1330 2621 iuuere
1347 2578 1410 2643 pos-

303 2706 321 2757 3
340 2706 418 2756 Bentl.
437 2704 502 2755 coni.
516 2709 653 2767 existimus,
678 2718 704 2755 et
725 2706 762 2756 sic
778 2705 842 2756 Gud.
862 2707 885 2758 1.
904 2710 934 2758 ll.
953 2707 978 2757 'L
996 2707 1067 2757 Leid.
1084 2706 1166 2759 Merb.
1184 2709 1273 2759 Duisb.
1287 2720 1338 2760 tres
1352 2712 1408 2758 om

237 2786 262 2826 et
280 2773 319 2824 ed.
337 2775 379 2834 P.,
407 2783 433 2822 ut
450 2772 563 2833 videtur,
590 2773 623 2822 ob
645 2784 727 2824 antec.
745 2778 801 2836 tibi,
827 2786 853 2825 ut
868 2793 890 2825 v.
909 2778 989 2837 Woplt.
1011 2793 1034 2841 p.
1056 2774 1111 2824 tit.
1127 2776 1189 2842 ihiq.
1206 2778 1306 2839 Hend.,·
1330 2775 1410 2843 reliqui

235 2843 323 2961 binum
341 2842 369 2890 ll.
387 2841 423 2907 Ρ.)
451 2845 622 2918 existimemus.
660 2842 698 2921 Cf.
717 2840 780 2925 ,⁸3¹⁰-
826 2841 902 2923 4bie
916 2843 946 2892 ll.
963 2844 988 2891 Ρ.
1006 2842 1110 2908 aliique3
1135 2846 1180 2891 Or.
1207 2862 1229 2893 c.
1248 2844 1306 2923 tiliis
1323 2848 1410 2895 auum.

260 2945 266 2958 .
285 2909 317 2959 ud
335 2911 353 2959 l.
366 2908 410 2969 44,
428 2906 485 2961 iffi.
504 2925 529 2957 ιιι
544 2910 573 2957 V.
589 2911 642 2958 Ser.
677 2924 693 2957 n
712 2913 752 2957 bre
770 2909 808 2959 uel
824 2913 935 2971 quidlibet
952 2910 979 2957 ll.
994 2910 1021 2959 P.
1040 2908 1104 2958 Gud.
1125 2909 1146 2958 l.
1166 2912 1197 2959 ll.
1217 2911 1242 2960 b.
1261 2912 1353 2978 alitque
1368 2925 1410 2979 pru

235 2977 302 3042 vulg.
316 2979 379 3040 quod
393 2970 470 3039 tube}
494 2976 526 3024 cl'.
544 2978 566 3042 p.
582 2976 623 3025 45.
669 2977 765 3025 XXVl.
802 2977 865 3026 lll.
882 2978 907 3026 Ρ.
924 2975 989 3025 Gud.
1011 2976 1032 3027 l.
1050 2978 1080 3025 ll.
1099 2976 1192 3044 aliique
1207 2982 1348 3029 obtrectari:
1369 2976 1409 3044 qui

235 3060 306 3093 error
323 3061 354 3092 cx
372 3042 491 3108 proximis
509 3042 690 3108 deponentibus
708 3054 776 3092 ortus
793 3054 840 3093 est.

285 3145 458 3203 existimomus]
486 3143 524 3189 Ne
547 3153 676 3208 exspectes
694 3147 811 3194 trististr-
834 3144 909 3194 animi
925 3155 1004 3194 motu.
1038 3144 1109 3194 illum
1122 3146 1190 3195 enirn
1207 3146 1340 3211 aegritudo
1358 3146 1409 3196 lut-

234 3225 303 3272 mus,
329 3208 386 3257 sudi
405 3211 510 3269 dluduip.
535 3207 560 3255 in
585 3210 676 3274 Opusc.
701 3227 740 3258 ur.
764 3210 808 3259 alt.
835 3222 901 3260 tasse
910 3212 942 3260 ud
954 3212 1082 3261 meliorem
1094 3212 1194 3279 frugem
1209 3215 1321 3274 reduoet,
1355 3230 1408 3263 ιιιι

234 3280 320 3344 pati:
345 3274 429 3325 Latini
445 3274 581 3324 indicativo
597 3275 673 3325 modo
688 3293 809 3341 praesen·
834 3279 900 3328 ratio
919 3297 968 3329 non
988 3280 1081 3345 possit;
1099 3280 1146 3329 hos
1163 3281 1201 3330 ire
1217 3282 1300 3331 sortes
1316 3232 1408 3339 reddet,

235 3345 268 3395 tis
289 3343 409 3410 temporis
433 3352 548 3400 utuntur,
576 3358 650 3408 quum
671 3354 714 3392 eut
731 3343 763 3391 de
781 3361 808 3392 re
834 3363 909 3411 quarm
923 3364 982 3397 reru
996 3346 1146 3397 fortitudine
1159 3364 1212 3399 non
1226 3358 1338 3399 huntur.
1359 3352 1409 3400 b'ei·

236 3421 372 3480 quaerunt,
397 3428 471 3477 quem
493 3426 520 3458 se
536 3410 647 3461 lecturos
665 3428 715 3460 nou
732 3409 808 3460 dubi·
833 3414 894 3463 dius.

235 3490 305 3541 tent,
324 3490 367 3530 aut
382 3478 415 3528 de
429 3477 552 3528 sententis
569 3487 595 3527 et
612 3477 702 3528 iudicio
717 3477 752 3528 ita
766 3477 808 3527 iu·
884 3496 912 3531 ne
926 3484 1043 3532 rhetorum
1057 3486 1196 3543 opinantis
1208 3484 1335 3552 mysteria]
1349 3483 1408 3535 tte.

235 3558 373 3614 terrogant,
393 3558 419 3596 ut
436 3564 486 3596 non
503 3556 554 3595 tem
571 3545 717 3605 deliberent,
733 3562 807 3613 quum
833 3565 866 3596 ne
883 3548 1010 3598 rhetorum
1023 3568 1114 3599 arcane
1129 3551 1168 3600 vel
1184 3568 1215 3601 ea
1230 3568 1297 3618 quise
1313 3548 1408 3618 proprie

235 3624 278 3663 out
301 3614 466 3664 necessarium
490 3613 606 3664 iudicium
626 3614 765 3680 significent
783 3623 808 3663 et
832 3614 858 3664 in
873 3625 926 3664 arte
941 3616 1065 3666 rhetorica
1079 3619 1335 3684 pertractarisotent,
1350 3634 1409 3685 spe-

234 3678 454 3754 nondiscrepuns,
472 3692 515 3730 aut
531 3699 560 3730 ex
578 3681 640 3741 aliis,
659 3700 732 3748 quum
748 3699 808 3731 seu·
833 3683 933 3732 mamus.
969 3684 1091 3734 Rhetores
1116 3685 1182 3735 enim
1201 3686 1343 3745 docebant,
1367 3684 1408 3733 di-

234 3753 338 3793 teutmm
363 3763 390 3795 se
413 3748 538 3813 suscipere
560 3749 653 3805 velint,
679 3760 806 3817 quaerunt.
834 3750 912 3800 centis
935 3750 1075 3801 orationem
1098 3753 1339 3803 accommodandum
1356 3768 1409 3801 eme

235 3809 304 3859 Lael.
323 3811 355 3871 7,
372 3812 422 3863 ‘l-l:
452 3814 494 3862 ubi
520 3815 553 3866 cf.
579 3819 685 3880 Seyffert.
710 3836 734 3883 p.
755 3816 808 3868 llil.
834 3828 859 3867 et
877 3818 1083 3868 conformandam
1100 3820 1133 3869 ud
1152 3820 1272 3871 diversam
1290 3819 1407 3867 diverse-

234 3892 259 3988 p.
277 3876 355 3927 Bulbo
370 3876 411 3936 tt,
427 3877 468 3928 dl.
491 3898 515 3946 p.
532 3883 603 3931 Cnec.
624 3885 712 3943 1250.
732 3885 765 3933 N.
778 3886 806 3932 D.
834 3902 887 3934 rum
901 3885 1029 3935 hominunm
1042 3887 1154 3936 indolem
1168 3904 1198 3937 se
1209 3896 1328 3935 nstin-eut.
1349 3884 1405 3933 atta

248 3974 254 3987 .
271 3942 319 4001 Ἃ),
335 3946 375 3993 eu.
394 3947 437 3993 iil.
456 3946 504 4002 au,
522 3947 562 3996 75.
579 3947 620 3997 all.
639 3977 670 3987 -
704 3952 740 3997 De
755 3968 808 4017 seq.
837 3970 876 4001 res
893 3962 930 4002 cst
945 3952 969 4002 in
987 3953 1156 4020 philosophia,
1172 3970 1232 4035 pune
1245 3951 1280 4001 tle
1295 3966 1346 4001 uno
1362 3963 1406 4002 at-

233 4006 366 4055 verborum
391 4008 445 4056 lusu
470 4013 590 4061 libidinem
608 4042 639 4052 -·
658 4019 763 4066 libidinis
788 4036 811 4067 r.
837 4037 885 4085 que
901 4020 956 4070 solo
973 4021 1085 4085 sapiente
1103 4032 1209 4088 quaerit.
1241 4018 1308 4079 „Die
1322 4018 1407 4069 feine-

232 4071 265 4123 nd
281 4072 313 4153 3l
324 4108 335 4152 t.
348 4070 390 4151 (³7-
837 4104 879 4135 ren
892 4089 998 4145 Kdnste,
1015 4089 1101 4137 uomit
1114 4090 1151 4138 sie
1165 4089 1210 4139 die
1224 4085 1407 4138 Leidenschel-

285 4142 413 4189 tnindmem
431 4168 462 4177 -
481 4144 510 4189 de
526 4147 629 4204 sapiente
651 4153 807 4213 quaerimini
835 4162 877 4201 ten
890 4156 1038 4221 scriregen.“
1064 4159 1132 4218 Wolf.
1169 4159 1207 4207 De
1222 4173 1246 4206 v.
1260 4160 1369 4216 merto
1383 4172 1407 4202 r.

233 4211 313 4274 snpra
331 4226 352 4258 c.
370 4209 412 4265 tt,
428 4204 468 4257 tt·
492 4210 576 4288 0320,
593 4208 636 4258 ts.
832 4221 932 4271 strenui.
951 4223 983 4272 su
1005 4223 1037 4272 ee
1054 4226 1095 4271 or.
1117 4226 1134 4272 ι.
1151 4220 1201 4285 tu,
1219 4222 1279 4275 tus
1301 4220 1358 4275 vot.
1373 4222 1406 4270 u.

283 4292 356 4326 onom
379 4290 429 4325 rem
452 4289 556 4325 momine
579 4278 746 4347 detestabilem]
774 4280 804 4329 V.
833 4300 856 4349 p.
877 4287 933 4338 119,

233 4343 360 4393 Adnotatu
377 4343 402 4393 iu
422 4345 451 4392 u.
468 4342 515 4399 tu,
534 4341 575 4392 ot.
881 4359 922 4416 qui
938 4362 973 4406 ntt
990 4384 1022 4397 -
1039 4374 1084 4408 nou
1101 4358 1189 4427 potest]
1206 4360 1256 4419 ‚Se
1278 4374 1344 4408 enm.
1379 4356 1406 4404 V.

283 4415 360 4469 ipsum
376 4414 444 4460 titum
459 4410 533 4473 irum]
561 4410 644 4459 Nesus
664 4416 804 4465 sententia·
831 4418 863 4467 nd
881 4423 911 4470 V.
930 4423 953 4480 7,
971 4425 1013 4474 ‘tit
1125 4434 1129 4443 ·
1208 4440 1215 4453 =

232 4490 285 4521 rum
304 4488 342 4524 cst
360 4477 413 4526 hic:
437 4478 514 4527 Sicuti
532 4477 648 4527 Afranius
666 4480 697 4529 de
715 4483 802 4533 adole·
880 4488 937 4537 Cur.
948 4492 1024 4539 XXV
1029 4495 1045 4542 l.
1056 4493 1078 4547 d.
1087 4492 1128 4544 ost
1142 4496 1273 4545 nemnim'.
1288 4486 1405 4553 αὲῌϋ.

230 4549 315 4615 scentp
333 4543 432 4605 perdito
448 4563 478 4593 uc
496 4545 617 4595 dissoluto
632 4557 701 4595 reete
715 4549 804 4599 dixisse
877 4571 923 4606 nnn
940 4563 1001 4607 enim
1023 4550 1150 4627 precipere]
1182 4542 1315 4610 Possumne
1328 4564 1404 4607 tireno.

230 4603 310 4653 viden
326 4618 418 4684 potest,
440 4612 621 4674 aegritudinem
636 4612 659 4661 ei
672 4614 806 4667 salutarem
833 4621 979 4673 Liberalitas
998 4631 1059 4676 enim
1077 4644 1128 4675 non
1147 4626 1171 4675 in
1188 4646 1221 4678 eo
1239 4624 1361 4687 cernitu,
1378 4634 1407 4672 ut

229 4688 298 4727 esse3
325 4682 359 4720 itu
377 4690 401 4721 ιιι
420 4673 490 4752 bello
504 4680 677 4753 centuriones,
698 4681 805 4747 signil'e-
831 4686 877 4752 ipsi
896 4692 1063 4757 aegritudines
1081 4704 1189 4760 propter
1205 4696 1271 4747 alios
1286 4692 1406 4760 suseipia-

230 4754 272 4787 ros
289 4748 435 4817 ceterosque
458 4741 549 4801 militen
570 4746 717 4796 inferiorum
735 4750 806 4799 ordi·
831 4770 898 4813 tntis,
921 4758 966 4805 sed
984 4771 1011 4807 ut
1028 4760 1105 4817 ulios,
1130 4762 1151 4810 si
1170 4780 1307 4828 possumus
1338 4762 1408 4812 lere·

229 4821 288 4855 tium
306 4822 377 4854 trasei
395 4805 484 4863 decet3
511 4825 568 4857 nam
594 4828 674 4876 neque
698 4814 740 4864 illc
758 4835 805 4866 ne-
832 4837 884 4868 mus
902 4825 1064 4888 aegritudine.
1100 4829 1143 4879 stc
1159 4848 1239 4909 stirpe
1270 4802 1409 4883 ost'ittter·

229 4889 277 4953 que
293 4873 319 4922 hi
335 4872 367 4953 ud
382 4872 507 4939 sopientes
524 4887 581 4925 stunt
597 4878 738 4943 referendi,
763 4902 805 4934 ru-
830 4889 986 4951 rogationem
1003 4899 1080 4955 enim,
1097 4911 1156 4945 num
1174 4898 1292 4964 rlhptsee
1309 4914 1410 4967 penitu-

229 4952 299 4993 ttnue
323 4950 358 4991 utt
383 4958 433 4990 non
460 4954 579 5007 possuntt
607 4955 707 4998 ittuntur
729 4950 806 5017 igitur
830 4964 878 5003 tur.
917 4957 955 5009 Gi.
975 4960 1006 5009 nd
1029 4964 1046 5011 i.
1065 4962 1097 5019 h',
1121 4966 1158 5015 tt.
