2888 5512
216 309 258 373 t‘t
672 310 932 364 praemonens.

218 445 273 504 tias
287 452 383 501 tamen
402 438 525 498 illorum
539 435 772 516 potissimum'in
790 454 877 493 mum
890 451 977 492 suum
992 439 1158 502 convertat,
1181 429 1253 505 quia
1268 430 1397 487 maxime

219 543 292 604 forti
316 552 346 601 et
366 540 450 600 virili
468 547 601 598 utuntur
621 537 739 596 ratione
762 546 851 612 atque
869 531 1027 594 sententia.
1041 563 1084 576 -
1126 529 1397 608 Peripateticorum
1437 516 1440 523 ¹

219 632 316 719 ratio,
338 643 390 721 qui
404 640 622 700 mediocritates
639 637 903 719 perturbationum
917 633 1007 692 animi
1023 635 1167 711 probent,
1189 631 1339 690 relicitur.
1354 658 1397 677 -

221 746 373 806 Vocabula
387 736 490 812 πάθος
505 752 535 801 et
553 740 718 821 aegritudo
734 740 815 798 inter
832 758 862 796 se
880 743 1103 815 comparantur.
1120 764 1161 778 -
1180 733 1234 791 llis
1249 733 1397 812 praemis·

221 848 276 924 sis,
298 845 395 904 omnis
411 843 578 923 disputatio
595 841 745 901 dividitur
762 841 795 898 in
813 838 886 898 duaa
900 846 1014 917 partes:
1045 854 1171 913 quarum
1190 835 1282 893 altera
1300 845 1345 895 est
1361 812 1407 893 de·

222 949 337 1029 origine
351 958 380 1008 et
394 967 496 1007 caussa
510 942 723 1024 aegritudinis,
745 940 838 1001 altera
860 940 897 999 de
914 940 978 998 eius
995 937 1160 996 curatione.
1182 932 1214 1016 5
1230 942 1283 995 22
1303 940 1355 995 23.

497 1153 522 1189 a.
567 1130 685 1190 PRIOR
705 1128 800 1188 PARS
825 1122 1119 1187 DISPUTATlONlS.

592 1313 734 1374 CAUSSA
756 1248 896 1373 diligitis
899 1309 919 1367 U
927 1309 1033 1368 llllllS.

309 1454 418 1511 (iruna
437 1472 498 1510 non
513 1449 709 1529 aegritudinis
723 1447 835 1520 solum,
857 1443 1016 1504 sedetiam
1034 1443 1217 1519 reliquarum
1235 1444 1400 1520 perturba·

225 1553 342 1613 tionum
357 1553 389 1612 in
406 1553 550 1631 opinione
568 1551 624 1610 sita
640 1560 694 1609 est.
736 1546 927 1608 Perturbatio
944 1554 1041 1604 autem
1061 1555 1104 1601 est
1120 1542 1212 1601 animi
1228 1553 1328 1602 motus
1347 1563 1399 1600 ra-

227 1653 317 1714 tionis
336 1673 457 1732 expers,
479 1652 564 1731 isque
580 1662 635 1710 aut
651 1650 725 1708 boni
740 1659 794 1707 aut
807 1648 876 1707 mali
891 1646 1035 1726 opinione
1053 1646 1212 1704 excitatur.
1257 1644 1338 1703 Hinc
1351 1645 1402 1702 bi-

227 1753 333 1813 lariam
360 1762 506 1831 quattuor
533 1752 777 1832 perturbationes
799 1749 963 1827 aequaliter
991 1748 1170 1809 distributae
1192 1754 1271 1805 sunt.
1305 1766 1333 1804 e.
1353 1751 1404 1805 st.

228 1855 320 1932 §.24-
335 1861 387 1916 ab.
430 1855 504 1917 Nam

683 1949 953 2016 perturbationes

738 2057 888 2116 exsistunt

479 2136 1126 2195 fw‘··

317 2199 361 2240 aut
378 2202 409 2240 ax
426 2168 546 2257 opiuiona
563 2190 624 2241 boni
656 2186 661 2196 '
989 2197 1032 2238 aut
1050 2204 1080 2235 ex
1098 2162 1217 2253 opibione
1235 2182 1294 2234 mali

223 2264 733 2305 “w-a
926 2262 1388 2299 w

227 2317 271 2375 aut
288 2325 319 2358 ax
336 2310 456 2377 opinione
523 2322 567 2362 aut
581 2330 611 2362 ex
629 2311 748 2379 opinione
884 2272 927 2360 aut
944 2326 975 2360 ex
993 2307 1111 2377 opinione
1178 2317 1221 2358 aut
1239 2323 1269 2355 ex
1288 2305 1405 2373 opinione

276 2399 407 2457 maenae
552 2398 706 2459 marma
758 2392 764 2409 ¹
927 2396 1056 2458 masaa·
1211 2393 1368 2454 separese

306 2480 375 2527 tout:
414 2532 417 2537 ,
511 2543 515 2555 Ι
599 2484 667 2531 bont:
954 2480 1028 2529 malt:
1250 2477 1330 2524 mett.-

240 2628 249 2643 .
287 2560 397 2613 Laetitia.
569 2567 702 2628 Cupiditas.
926 2563 1061 2626 aegritudo.
1245 2560 1328 2610 Metuo

315 2664 370 2724 His
381 2668 662 2745 perturbationibus
674 2669 810 2727 omnibus
823 2668 940 2729 viribus
952 2666 1180 2746 repugnandum
1193 2674 1252 2736 est,
1274 2662 1300 2722 si
1313 2664 1408 2722 vitam

232 2766 397 2844 tranquille
415 2766 596 2847 placideque
611 2771 770 2829 traducere
790 2770 940 2829 volumus.
983 2766 1063 2827 Huic
1083 2774 1182 2825 autam
1207 2764 1407 2842 disputationi

231 2868 421 2948 propositum
436 2878 493 2944 ast,
519 2880 556 2929 ut
571 2872 737 2951 aegritudo
754 2872 937 2951 depellatur:
964 2866 997 2948 5.
1012 2875 1063 2927 2⁶.
1079 2888 1167 2946 quarn
1181 2866 1315 2924 omnium
1332 2884 1406 2943 per·

231 2969 440 3031 turbationum
456 2972 658 3051 gravissimam
674 2993 749 3048 esse,
771 2974 887 3051 aliquot
904 2970 1045 3049 exarnplis
1061 2970 1219 3048 probatur.
1242 2986 1268 3026 c.
1290 2972 1339 3025 tt.
1357 2971 1408 3027 te.

231 3070 330 3147 priua.
373 3072 492 3146 Quibus
506 3075 688 3154 praemissis,
710 3075 826 3134 Tullius
839 3074 918 3133 redit
932 3073 970 3130 ad
983 3071 1190 3151 explicandam
1204 3086 1338 3129 mussans
1353 3086 1408 3128 ae-

222 3169 395 3247 gritudinis
420 3184 463 3248 et,
491 3164 683 3254 posteaquam
697 3197 758 3234 eam
770 3177 911 3234 exsistere
930 3173 1023 3247 dixit,
1052 3192 1142 3250 quum
1161 3171 1235 3248 quid
1250 3170 1292 3227 ita
1311 3169 1408 3228 visum

231 3280 322 3346 asset,
351 3283 387 3333 ut
401 3264 538 3352 magnum
555 3278 706 3354 quoddam
724 3277 833 3336 malum
849 3275 949 3333 adesse
966 3283 996 3333 et
1011 3293 1117 3353 urgere
1133 3273 1305 3346 rideretur,
1332 3290 1404 3328 exa·

232 3369 326 3433 minat
340 3374 475 3452 Epicuri
490 3386 521 3434 at
540 3378 779 3456 erenoicorom
799 3377 837 3436 de
857 3375 1044 3455 aegritudine
1064 3374 1188 3452 eiusque
1211 3392 1315 3432 caussa
1335 3391 1407 3430 san·

232 3472 366 3537 tentiam.
409 3476 536 3556 Utrique
549 3478 581 3536 in
604 3499 640 3538 eo
665 3479 871 3549 consentiunt,
903 3477 984 3554 quod
1008 3475 1224 3555 aegritudinem
1246 3474 1277 3533 in
1297 3483 1406 3531 natura

231 3571 316 3647 uitam
333 3595 394 3638 assa
409 3588 544 3653 oenssnt;
572 3598 606 3636 eo
624 3589 720 3637 tamen
741 3578 902 3652 differunt,
930 3578 1011 3656 quod
1031 3577 1167 3656 Epicurei
1191 3574 1407 3655 aegritudinem

231 3674 356 3735 omnino
372 3677 516 3756 opinione
532 3678 616 3751 mali,
643 3679 724 3757 quod
743 3681 873 3753 accidat,
901 3679 980 3739 effici
996 3679 1145 3754 sentiunt,
1172 3678 1331 3758 Cyrenaici
1349 3694 1405 3737 au-

231 3783 290 3837 tem
305 3796 369 3837 uon
386 3796 425 3837 ex
439 3778 520 3837 omni
534 3779 627 3853 malo,
653 3781 704 3840 aed
726 3782 879 3860 imperato
896 3791 926 3841 et
945 3782 1125 3860 necopinato
1148 3780 1225 3837 malo
1244 3798 1309 3840 eam
1332 3778 1405 3837 oriri

230 3886 379 3941 statuum.
421 3879 526 3948 Cicero
540 3882 690 3958 concedit,
712 3883 824 3958 omnia,
847 3903 923 3961 quae
935 3882 1008 3942 mala
1024 3891 1185 3962 putentur,
1207 3881 1367 3961 repentina
1377 3886 1406 3938 et

229 3979 393 4058 improvisa
416 3984 557 4063 graviora
582 4005 659 4059 esse,
688 4006 775 4063 quam
799 3985 921 4064 provisa
945 3995 975 4044 et
997 3984 1224 4063 praemeditata,
1244 3980 1276 4063 5.
1291 3988 1345 4043 28.
1368 3988 1406 4055 et,

230 4079 345 4142 etiamsi
358 4106 418 4145 non
431 4084 504 4147 baec
515 4107 576 4145 una
587 4106 635 4145 ree
644 4085 752 4146 alliciat
763 4087 918 4146 maximam
930 4085 1157 4166 aegritudinem,
1179 4096 1286 4159 tamen,
1305 4102 1406 4163 quon·

229 4178 286 4238 iarn
307 4185 432 4245 multum
448 4187 546 4246 valeat
562 4186 699 4266 provisio
716 4188 806 4246 animi
823 4197 853 4247 et
871 4189 1064 4267 praeparatio
1082 4187 1119 4246 ad
1137 4185 1332 4245 minuendum
1345 4185 1416 4249 do·,

229 4278 338 4358 loram,
365 4288 561 4363 aegritudinis
582 4289 768 4364 medicinam,
798 4310 886 4368 quarn
905 4289 949 4347 illi
973 4288 1152 4362 adhibeant,
1181 4288 1406 4368 praecipientes,

227 4399 342 4461 semper
363 4387 463 4445 omnia
478 4386 593 4448 bomini
614 4390 742 4449 bumana
760 4391 900 4450 meditata
916 4412 976 4450 esse
992 4391 1113 4465 debere,
1142 4390 1332 4469 probandam
1355 4387 1406 4445 iu·

227 4482 318 4545 dicat.
339 4506 364 4545 c
378 4492 429 4548 tt.
447 4493 496 4549 ¹5.
517 4488 611 4569 561.
652 4491 711 4549 lam
727 4491 766 4550 ad
780 4491 939 4570 utriusque
955 4492 1074 4552 scholae
1087 4491 1264 4551 sententiam
1281 4488 1408 4551 uberim

225 4588 431 4666 exponendam
453 4589 684 4673 diligentiusque
705 4593 929 4655 examinandam
951 4594 1071 4654 transit.
