2888 5512
233 295 296 361 3ῖῖ
663 304 789 354 narrar.
810 303 850 351 rr.
871 300 917 361 aa,
937 298 979 349 ιιι.

235 452 273 493 ex
291 449 349 511 qno
367 436 504 508 suscepta
520 424 559 487 sit
582 424 752 504 aegritudo,
785 444 822 484 an
843 419 971 481 omnium
999 438 1098 479 rerum
1121 416 1275 479 tollenda⁹
1298 417 1404 479 omnim

235 537 404 621 aegritud03
438 545 470 596 ut
489 536 514 596 si
533 533 596 615 quis
615 553 703 615 aegre
722 533 812 607 ierat,
844 551 876 591 se
894 548 1051 612 pauperem
1068 548 1156 606 esse,
1189 526 1404 610 idnedisputea.

236 656 434 731 paupertatem
452 644 557 705 naulum
574 664 632 703 non
654 662 734 717 esse,
754 663 790 701 an
810 640 957 701 bominem
972 659 1060 719 aegro
1081 638 1159 699 lerre
1177 636 1251 699 nihil
1266 647 1403 720 oportere.

216 754 382 820 -Nimirum
405 754 459 817 lroc
473 754 596 827 melius,
622 773 677 828 uc,
703 750 728 812 si
746 752 820 811 lorte
838 750 873 810 de
887 758 1059 832 paupertate
1077 768 1134 809 uou
1151 747 1355 831 persuaseris,
1376 747 1406 809 sit

237 865 413 948 aegritudini
424 862 661 939 concedendum3
677 860 861 942 aegritudine
872 870 969 920 autem
979 858 1091 920 sublata
1102 858 1231 941 propriis
1241 857 1405 932 rationibus,

238 976 344 1057 quibus
360 973 422 1035 beri
439 973 482 1033 nsi
500 992 611 1047 snmus,
629 971 752 1053 quodam
767 969 853 1030 unedo
869 968 957 1030 etiam
972 968 1153 1051 paupertatis
1170 966 1279 1029 malum
1296 967 1407 1030 tollitur.

327 1079 480 1145 XXt'ttt.
527 1091 579 1143 oo.
606 1078 666 1143 Sed
682 1080 778 1141 onrnis
794 1078 937 1140 eiusmodi
954 1076 1135 1160 perturbatio
1151 1078 1243 1139 animi
1258 1077 1411 1162 placatione

240 1194 375 1257 abluatur
396 1193 443 1254 illa
467 1192 602 1273 quidem,
626 1168 718 1271 qurum·
737 1189 864 1266 doceas,
890 1208 944 1248 neo
962 1187 1069 1251 bouum
1092 1187 1161 1248 illud
1182 1207 1271 1263 esse,
1299 1208 1338 1250 ex
1361 1208 1412 1271 quo

239 1304 348 1367 laetitia
367 1313 417 1365 aut
431 1302 519 1363 libido
539 1301 668 1376 oriatur,
693 1302 770 1361 ιιεει
792 1297 920 1375 malum,
944 1316 985 1359 ex
1001 1317 1058 1378 quo
1075 1306 1125 1358 ant
1142 1307 1241 1359 metus
1256 1308 1307 1359 aut
1322 1297 1415 1379 aegri·

241 1414 321 1476 tudo.
368 1410 571 1475 Veruntamen
588 1409 659 1472 baec
673 1420 718 1471 est
731 1418 813 1470 certa
829 1417 858 1468 et
872 1407 987 1490 propria
1001 1406 1129 1482 sanatio,
1150 1406 1175 1467 si
1191 1406 1309 1483 doceas,
1332 1406 1410 1489 ipsas

241 1521 479 1605 perturbationes
500 1540 596 1604 perse
614 1540 681 1581 esse
701 1518 822 1579 vitiosas
843 1537 897 1579 nee
913 1516 1021 1579 babere
1042 1517 1198 1599 quiequam
1218 1526 1271 1580 aut
1286 1516 1415 1579 naturale

242 1643 294 1695 aut
308 1630 528 1708 necessarium3
554 1639 585 1691 ut
599 1629 691 1710 ipsam
708 1626 922 1709 aegritudinem
939 1625 1024 1687 leniri
1040 1626 1186 1703 ridemus,
1212 1646 1300 1709 quum
1317 1625 1416 1689 obiici-

242 1760 306 1801 mus
322 1738 519 1800 maerentibus
535 1735 765 1798 imbecillitatem
787 1734 876 1797 animi
900 1735 1116 1813 erlcminati²,
1150 1756 1298 1819 quumque
1317 1754 1415 1797 ecrrrm

242 1848 417 1932 gravitatem
435 1846 688 1928 constantiamque
704 1844 875 1923 laudamus,
900 1845 949 1927 qui
967 1866 1027 1907 nou
1044 1844 1213 1909 turbulente
1229 1844 1352 1908 bumana
1370 1867 1417 1928 pa-

311 2041 329 2095 9
346 2045 388 2095 Sic
402 2054 454 2093 tres
467 2043 529 2094 Pall.
547 2044 659 2094 Petrens.
676 2043 746 2091 bion.
763 2041 785 2091 l.
805 2041 856 2107 (hic
873 2045 967 2092 cornino
983 2042 1113 2107 torrendum
1139 2039 1228 2108 reliqui
1250 2039 1305 2089 fere
1322 2056 1415 2095 omues.

245 2112 320 2165 etiam
337 2112 372 2161 R!
386 2113 412 2160 P.
428 2110 493 2159 Gnd.
512 2110 533 2158 l.
552 2110 582 2158 ll.
604 2108 699 2175 Gryph.
718 2110 775 2157 Vnt.
794 2112 932 2159 totertmdu:
957 2108 1022 2158 hauc
1037 2108 1187 2174 scripturam
1205 2106 1247 2157 Kl.
1262 2107 1354 2157 trustra
1370 2124 1416 2156 co-

245 2190 317 2228 natue
332 2178 397 2226 tueri
413 2194 479 2224 ntrnc
494 2177 518 2224 in
536 2175 601 2224 add.
620 2192 644 2241 p.
660 2172 714 2224 l‘la‘t.
732 2175 806 2224 rediit
824 2176 856 2224 ad
870 2176 982 2225 alteram.
1017 2177 1047 2227 V.
1066 2176 1129 2225 Adn.
1166 2176 1288 2225 XXVlll.
1317 2172 1416 2224 tltt‘.

246 2244 312 2293 Gari.
332 2242 354 2291 l.
373 2244 402 2290 ll.
423 2242 514 2307 aliique
528 2260 574 2308 per
591 2258 701 2292 errorem
719 2249 748 2290 tt.
791 2242 868 2292 ‘tsic
884 2243 925 2292 ed.
945 2244 974 2292 t).
993 2253 1017 2293 et
1037 2242 1091 2292 cod.
1111 2240 1418 2303 (tandemtandem

245 2312 392 2371 bectemtnots'
407 2307 433 2357 in
451 2308 518 2358 Gud.
536 2310 582 2368 tr.;
601 2312 644 2359 Or.
662 2328 684 2358 c.
701 2309 768 2375 vulg.
785 2313 920 2372 effeminati.
955 2312 986 2361 V.
1002 2311 1077 2361 indic.
1094 2328 1137 2359 rr.
1153 2312 1198 2373 ers.

245 2426 282 2488 ri,
300 2444 331 2477 an
348 2436 397 2477 etc.
431 2426 472 2475 Sic
488 2444 563 2493 supra
581 2429 624 2477 tv.
643 2423 667 2487 4,
684 2425 716 2478 9:
738 2430 819 2477 Utrum
843 2427 970 2477 hominem
993 2444 1068 2492 aegre
1095 2426 1163 2477 ferre
1195 2427 1259 2478 nihil
1288 2438 1417 2496 oporteret

245 2495 322 2561 igitur
345 2494 423 2545 mavis
445 2494 559 2545 statimne
584 2512 630 2545 uos
653 2494 818 2553 valefacere,
845 2512 901 2545 uam
919 2495 997 2545 altera
1014 2495 1137 2544 duntaxat
1153 2494 1285 2553 adhibita,
1312 2512 1415 2562 pauperb

246 2581 277 2612 ιιιι
290 2590 324 2601 -
334 2561 470 2629 paullulum
484 2561 624 2629 remigare?
644 2562 685 2611 ubi
700 2577 729 2613 ue
744 2561 817 2615 addi·
844 2573 923 2612 tatem
939 2580 973 2612 sc.
992 2579 1043 2612 nou
1060 2562 1152 2611 malum
1169 2580 1240 2623 esse,
1263 2562 1308 2613 ubi
1324 2564 1371 2613 hoc
1388 2562 1417 2617 ei,

246 2640 300 2679 tum
318 2641 368 2690 est,
394 2640 421 2679 ut
440 2630 527 2679 clarius
546 2629 723 2680 uocabulorum
739 2633 819 2679 stetim
845 2630 887 2695 qui
903 2629 1060 2695 aegritudine
1086 2628 1193 2679 allectus
1211 2640 1266 2690 est,
1295 2647 1345 2681 non
1362 2646 1418 2697 prr-

246 2705 274 2745 et
288 2701 423 2756 pouttulum
441 2697 567 2761 oppositio
585 2697 701 2745 eluceret.
727 2698 757 2745 V.
772 2700 819 2745 Do·
844 2696 963 2755 saracenis,
995 2714 1044 2747 non
1062 2697 1137 2746 tolles
1159 2697 1213 2747 eius
1231 2697 1417 2764 aegritudinem,

243 2765 332 2811 utrium
349 2762 382 2810 ad
395 2764 425 2809 N.
437 2764 466 2811 D.
490 2765 520 2822 ll,
532 2761 573 2813 34.
595 2763 820 2814 Goerennadttca-
845 2765 922 2814 immo
939 2766 960 2813 is
977 2765 1000 2814 ei
1017 2763 1164 2829 indulgebit.

246 2828 312 2879 dem.
331 2830 362 2877 ll.
379 2830 427 2887 tt,
445 2827 487 2878 tt.
510 2846 535 2893 p.
557 2828 612 2880 133.
635 2840 662 2877 et
680 2833 820 2881 Itomsborn.
897 2836 1001 2894 quodam
1017 2835 1097 2895 modo}
1117 2832 1211 2882 Addita
1224 2842 1284 2882 aaut
1297 2832 1360 2883 baec
1375 2846 1418 2881 ro-

246 2897 277 2946 1..
298 2895 342 2947 Gr.
360 2897 383 2963 ξ.
402 2889 457 2947 li'l.
493 2898 596 2946 Kttbnrr.
615 2897 645 2946 1..
663 2897 706 2948 Gr.
727 2898 821 2962 §.153
847 2899 942 2959 cabula,
956 2910 984 2948 ut
1000 2900 1169 2964 signiticarrnt
1186 2902 1250 2951 hoe:
1269 2898 1419 2966 aegritudite

246 2964 344 3016 Noti).
846 2966 958 3025 sublata,
982 2967 1056 3015 etiam
1074 2968 1229 3032 paupertatis
1240 2968 1353 3025 mlum,
1369 2970 1417 3017 lt'rrt

298 3032 412 3099 tollenda]
431 3031 473 3081 stc
483 3030 624 3098 legendum.
640 3030 700 3082 licet
708 3031 821 3098 plerique
847 3036 875 3083 de
887 3041 1027 3096 paupertate
1040 3050 1086 3085 nort
1099 3040 1196 3097 proprie
1214 3042 1236 3085 et
1248 3038 1353 3087 mortun
1361 3049 1418 3097 upt-

248 3110 275 3151 et
293 3100 381 3168 optimi
399 3099 473 3151 codd.
492 3100 656 3166 refragentur.
692 3099 822 3148 Sententia
846 3107 899 3162 tur,
917 3102 1022 3151 tollitur.

249 3168 299 3218 loci
317 3168 457 3217 necessario
481 3166 605 3234 efflagitat
628 3168 693 3218 hauc
710 3167 821 3234 seriptu-
898 3168 1089 3220 erexerunt.
1106 3168 1179 3233 §.bib
1200 3172 1247 3221 Sed
1262 3170 1348 3237 omaus]
1368 3170 1417 3219 Du·

249 3250 311 3291 ram,
328 3235 364 3281 uti
380 3233 429 3283 ianr
447 3246 516 3284 recte
532 3236 708 3285 intellexerunt
725 3238 821 3285 Lambi-
847 3234 905 3302 plex
921 3253 998 3301 genus
1015 3235 1184 3287 remediorum
1200 3236 1323 3289 laudatur.
1348 3236 1418 3287 stes-

249 3312 310 3359 nus,
329 3302 519 3362 conturmalis.
554 3302 634 3352 Stoici
651 3302 716 3352 enim
733 3319 821 3353 cense-
849 3319 917 3363 rum,
943 3304 1011 3369 quod
1036 3304 1061 3353 iu
1079 3320 1110 3354 eo
1138 3315 1253 3365 constat,
1278 3304 1417 3361 tetdonem,

248 3364 311 3413 bant
326 3370 453 3417 totteurtom
465 3386 519 3419 esse
535 3370 724 3435 aegritudinem,
743 3369 823 3420 omni·
848 3386 894 3419 nec
910 3371 1003 3420 bonum
1018 3370 1080 3420 illud
1095 3388 1159 3431 esse,
1170 3390 1203 3423 ex
1212 3388 1260 3441 quo
1273 3372 1367 3421 laetitia
1375 3380 1417 3421 sut

250 3446 333 3497 noque
352 3450 438 3484 omrres
458 3436 597 3487 animorum
623 3438 823 3504 perturbationes
848 3436 927 3488 libido
944 3438 1053 3496 oriatur,
1078 3440 1415 3504 necmalam,e1qucaut

250 3513 299 3547 uou
308 3516 347 3548 am
367 3502 472 3551 ntandas
485 3514 528 3553 aut
540 3504 750 3555 circumcidendos
761 3522 822 3565 esse,
848 3516 928 3554 metus
946 3517 989 3554 aut
1005 3506 1148 3572 aegritudo,
1163 3506 1221 3557 mite
1234 3503 1297 3554 ittud
1313 3503 1415 3572 quidem

249 3563 293 3611 sed
310 3518 429 3615 melicitus
447 3570 588 3619 evellendas
606 3582 632 3619 et
648 3570 822 3621 extrahendas.
849 3582 887 3621 est
904 3582 931 3622 et
948 3573 1019 3633 lene,
1045 3573 1089 3622 sed
1108 3574 1189 3625 miuus
1209 3570 1313 3631 efficax,
1336 3571 1414 3638 mugit

251 3628 291 3677 Cf·
308 3630 350 3677 lll-
367 3632 409 3685 2¹2.
427 3632 472 3682 53:
499 3652 550 3684 non
565 3636 642 3686 modo
656 3638 763 3689 leniatur
779 3654 823 3688 tte-
848 3640 1046 3705 perturbationes
1063 3640 1143 3691 abluit
1161 3640 1323 3708 (abstergetl,
1345 3655 1415 3707 quam

249 3698 359 3760 raritudo,
386 3695 430 3743 sed
453 3697 478 3745 in
504 3700 627 3775 plerisque
648 3708 750 3753 tottotur.
786 3706 822 3754 lb.
847 3724 888 3757 eas
907 3708 1005 3785 penitus
1022 3707 1104 3766 tollit;
1123 3710 1244 3768 alterum,
1262 3707 1328 3775 quot
1342 3708 1367 3756 in
1385 3722 1414 3753 eo

252 3766 298 3827 ll,
316 3764 358 3816 25.
381 3772 449 3813 tetra
471 3781 538 3814 cmm
554 3784 592 3815 res
613 3777 652 3815 est
670 3772 823 3833 (aspritudo),
847 3784 965 3834 cerurtur,
984 3775 1120 3837 utdoeeas,
1139 3776 1206 3843 ipsas
1335 3774 1412 3823 nones

252 3832 355 3893 misera,
373 3830 542 3894 detestabilis,
562 3833 630 3882 omui
651 3835 820 3897 contentione,
847 3856 894 3906 per
905 3858 932 3890 se
946 3859 1000 3892 esse
1010 3842 1113 3893 vitiosas
1129 3861 1176 3894 uec
1189 3844 1222 3894 ha
1290 3843 1413 3911 quiequam

252 3901 327 3959 velis,
353 3909 381 3951 ut
394 3900 429 3951 ita
444 3899 539 3961 dicam,
564 3901 686 3969 remisque
699 3905 822 3967 fugiendo.
847 3910 1258 3973 autnaturaleoutnecessarium,
1276 3922 1314 3961 est
1327 3919 1412 3961 eertum

251 3969 281 4017 V.
298 3973 414 4020 dlott'rttm
430 3967 456 4018 iu
471 3968 536 4020 Add.
554 3968 610 4020 vol.
629 3972 672 4020 ΙΙΙ.
689 3989 713 4038 p.
723 3972 774 4023 402¹)
783 3989 821 4039 sq.
847 3975 968 4045 simulque
985 3987 1011 4026 et
1029 3978 1175 4044 opinionem
1198 3979 1289 4031 falsam
1304 3978 1369 4030 toltit
1388 3982 1410 4025 tl

250 4034 395 4093 Postremo,
414 4036 493 4115 inquit
509 4035 607 4095 Lamb„
623 4054 697 4087 nemo
714 4039 822 4089 Latino·
847 4044 1026 4110 aegritudinem
1044 4046 1163 4097 detrahit.

250 4114 305 4177 rum
322 4117 430 4179 tanquam
446 4105 590 4155 rtaloeutus
602 4114 654 4155 est:
673 4108 770 4156 tolerare
782 4122 822 4157 oe·
897 4116 973 4161 uniant
989 4114 1134 4177 ptocottone}
1161 4115 1196 4165 tt.
1214 4131 1237 4165 c.
1256 4114 1348 4173 auimo.
1371 4106 1410 4175 qul

248 4168 397 4225 mtudtnem.
847 4179 1034 4244 perturbatione
1050 4180 1158 4245 agitatus
1173 4194 1214 4233 est
1231 4192 1258 4233 et
1274 4182 1298 4231 iu
1309 4178 1408 4229 &term

286 4245 343 4311 une,
360 4238 381 4282 st
396 4238 466 4300 sorte]
486 4242 561 4289 Moser
575 4238 759 4307 suspicabatur:
785 4257 821 4303 ne,
847 4255 930 4311 portes
940 4246 1082 4309 distractus,
1095 4248 1241 4314 mitigando
1253 4247 1343 4315 orbique
1351 4260 1409 4297 con·

248 4302 291 4349 eto
309 4301 368 4359 {orte
383 4302 413 4348 de
427 4316 502 4364 paup.
509 4311 663 4368 persuaseris,
678 4310 709 4356 sit
724 4311 768 4357 otti
781 4323 822 4358 oe·
846 4311 963 4362 oiliaudo.
1038 4328 1042 4337 ’

247 4367 361 4429 prttudlnt’
375 4368 485 4444 conced.,·
511 4370 556 4418 sed
574 4372 628 4438 ipse
650 4389 717 4423 nunc
736 4374 760 4424 iu
780 4374 819 4425 ed.
895 4382 1016 4447 obtuotur]
1037 4382 1228 4445 Coniunctus,
1265 4379 1409 4435 undele-

248 4432 313 4483 hanc
327 4442 495 4484 comesturam
510 4435 603 4487 reiecit.
630 4440 708 4490 Recte
720 4444 821 4493 Orelliue
844 4444 899 4495 buit
910 4447 1056 4512 Bentleium,
1072 4450 1110 4500 sic
1127 4401 1294 4519 expliounaae
1311 4448 1407 4501 ridetur:

247 4500 364 4580 vulgatae
376 4501 575 4582 sententiamuoic
591 4506 709 4574 exponit:
728 4509 818 4560 Melius
842 4515 956 4576 concedo,
981 4517 1058 4566 animi
1081 4517 1227 4584 placatione
1252 4513 1408 4586 perturbcdt-
1439 4547 1441 4558 »

246 4568 375 4621 adlubebrs
399 4567 500 4637 γενικήν
524 4571 593 4623 ιΙΙιιιιι
609 4575 817 4640 consolationem,
843 4595 900 4629 uem
917 4581 985 4632 ablui
1002 4600 1092 4650 posse,
1126 4598 1294 4638 renrutcmen
1312 4588 1408 4638 certatt
1439 4629 1440 4638 .
