2888 5512
225 689 290 759 ato
658 695 786 747 runca
804 695 846 745 tv.
866 691 914 755 tt,
934 693 976 743 os.

234 844 333 901 ruane,
357 820 433 905 quod
451 829 500 881 est
516 816 612 881 ventis
625 815 808 891 subiectum,
840 811 1091 897 perturbationem
1108 809 1216 873 eadere
1236 808 1292 872 tibi
1312 810 1408 873 disisti

235 930 349 999 viderit
371 930 518 1012 quidest,
548 927 624 1010 quod
641 936 750 988 tantam
768 923 944 1006 gravitatem
970 921 1225 1003 constantiamque
1245 920 1411 1003 perturbet?

235 1064 273 1107 ιιι
286 1038 477 1125 improvisum
491 1035 599 1118 aliquid
615 1039 682 1097 aut⁹
702 1034 906 1117 repentinum?
930 1031 997 1114 quid
1010 1040 1108 1114 potest
1120 1030 1260 1092 accidere
1274 1031 1333 1093 tale
1344 1030 1372 1093 ei
1382 1034 1407 1103 ¹,

237 1150 382 1227 enimait,
406 1149 481 1231 qnod
498 1144 607 1207 bomini
621 1144 744 1207 evenire
758 1143 862 1227 possit,
887 1163 946 1204 non
961 1140 1205 1225 praemeditatum
1221 1139 1310 1203 sinet
1337 1138 1410 1205 Nam

236 1260 429 1346 quodetiam,
454 1257 543 1318 iniuria
558 1253 689 1317 resecari
704 1263 860 1337 oportere,
886 1251 1028 1314 naturalia
1046 1249 1191 1332 relinqui3
1217 1249 1286 1333 quid
1299 1251 1411 1313 tandem

237 1381 418 1456 potestesse
434 1366 584 1441 naturale,
609 1363 686 1447 quod
703 1363 779 1425 idern
795 1362 913 1425 nimium
930 1381 997 1424 esse
1011 1360 1125 1445 possit?
1166 1357 1248 1424 Sunt
1262 1359 1339 1423 euim
1353 1382 1413 1423 om-

239 1481 288 1546 nia
311 1479 394 1543 ista⁸
420 1497 460 1538 ex
479 1495 613 1538 errorum
636 1482 701 1537 orto
720 1472 887 1549 radicibus,
919 1491 994 1554 quae
1011 1470 1167 1533 evellenda
1184 1480 1217 1533 et
1236 1470 1415 1534 extrahenda

243 1589 379 1674 penitus,
403 1606 461 1648 non
484 1583 737 1661 circumcidenda,
761 1601 817 1644 nee
840 1581 1015 1664 amputanda
1037 1590 1117 1643 sant.

326 1692 466 1761 XXVll.
512 1702 565 1759 58.
591 1690 652 1757 Sed
670 1692 806 1775 quoniam
822 1688 974 1772 suspicor,
1005 1700 1034 1751 te
1060 1701 1198 1751 nontam
1217 1691 1253 1752 de
1272 1691 1412 1775 sapiente,

243 1829 331 1894 quam
348 1807 384 1869 de
400 1816 431 1867 te
447 1805 512 1888 ipso
526 1823 688 1887 quaerere;
713 1801 806 1883 (illurn
824 1800 902 1863 euim
919 1810 1003 1883 putas
1017 1799 1096 1861 omni
1112 1800 1333 1883 perturbatione
1349 1822 1415 1865 esse

244 1918 370 1981 liberum
380 1919 407 1992 ¹,
433 1925 462 1977 te
478 1913 557 1996 visq)
572 1912 736 1989 vitea-us,
752 1920 861 1992 quauta
877 1907 950 1985 sint,
974 1928 1049 1991 quae
1065 1926 1082 1970 a
1099 1909 1307 1994 pbilosopbia¹
1324 1930 1415 1974 renne-

245 2028 292 2091 dia
303 2023 413 2089 morbis
429 2023 594 2086 animorum
610 2020 816 2083 adhibeantur.
847 2016 905 2081 Est
919 2018 997 2080 eninr
1007 2017 1150 2099 quaedam
1167 2019 1314 2083 medicina
1327 2031 1413 2095 cette,

247 2156 302 2198 nee
319 2144 376 2195 tarn
391 2133 446 2194 luit
461 2131 608 2193 bominum
624 2129 727 2212 generi
747 2128 864 2189 insensa
881 2138 969 2208 atque
986 2127 1103 2190 inimica
1120 2139 1247 2206 statura,
1271 2139 1302 2193 ot
1315 2150 1416 2215 eorpo-

246 2244 327 2307 ribus
343 2251 386 2304 tot
396 2260 446 2303 res
462 2238 621 2316 salutares,
639 2237 744 2301 animis
759 2237 892 2299 nullam³
911 2236 1072 2316 invenerit,
1090 2238 1246 2321 dequibus
1262 2241 1318 2303 boe
1332 2241 1415 2303 etiarn

315 2432 333 2487 9
350 2434 393 2486 ste
407 2438 451 2485 Or.
467 2451 488 2484 c.
505 2433 534 2486 ll.
543 2432 572 2483 P.
582 2430 648 2483 Gud.
661 2431 682 2481 l.
702 2432 733 2481 ll.
747 2430 774 2481 b.
789 2430 922 2497 multisque
934 2430 1005 2490 aliis,
1021 2431 1064 2481 alii
1078 2430 1217 2483 deteriores
1231 2440 1308 2496 etque.
1346 2434 1358 2483 1
1375 2434 1416 2483 sie

250 2504 302 2557 (luo
316 2506 379 2553 Oxx.
404 2513 431 2551 et
454 2504 514 2567 Aug.
531 2517 579 2565 pro
603 2503 650 2549 tale
674 2504 703 2547 et.
745 2498 802 2549 bv.
817 2496 881 2547 Ado.
922 2496 1020 2548 300d.
1044 2498 1116 2549 Leid.
1138 2501 1191 2551 elno
1207 2500 1263 2551 l’all.
1288 2511 1339 2551 tres
1354 2504 1415 2551 One.

250 2572 291 2623 sd.
309 2580 358 2622 set.
379 2568 456 2619 Bauli.
473 2571 499 2616 a.
514 2568 544 2616 tt.
566 2570 646 2616 omnis
667 2569 714 2615 ists
735 2580 782 2615 oon
800 2580 830 2615 se
844 2569 994 2615 nubentibus
1017 2571 1112 2629 eones,
1133 2570 1176 2618 sed
1198 2584 1228 2619 es
1241 2584 1344 2619 morum
1366 2580 1414 2617 etc.

249 2638 359 2687 xxvtt.
401 2636 413 2683 1
433 2636 477 2684 Tr.
493 2648 524 2682 ex
541 2632 582 2681 etl.
601 2634 694 2681 Eruam.
710 2649 731 2681 c.
748 2632 776 2681 ll.
795 2634 820 2681 P.
839 2635 937 2682 liberum
952 2648 1015 2695 esse,·
1037 2634 1131 2685 sende
1148 2636 1178 2684 ll.
1198 2637 1223 2685 Ρ.
1241 2636 1346 2687 collstor
1363 2637 1414 2685 Gu-

249 2702 351 2763 dianus,
374 2700 408 2749 de
424 2701 452 2749 ll.
469 2698 546 2748 etiam
560 2699 635 2749 Krar.
652 2708 679 2747 et
696 2700 768 2763 berg.
782 2699 866 2749 silent.
895 2700 926 2749 V.
945 2703 1002 2753 Wes.
1021 2702 1072 2750 Em.
1090 2704 1133 2751 lll.
1152 2720 1178 2770 p.
1198 2704 1238 2753 ll.
1280 2701 1340 2754 21.
1356 2703 1414 2754 ndo.

249 2767 341 2822 svnt.
357 2766 431 2816 Febr.
446 2765 497 2815 duo
513 2768 574 2817 011.
591 2767 662 2817 blan.
681 2765 702 2816 1.
721 2766 798 2817 llehd.
815 2764 881 2817 Gud.
896 2764 921 2817 2.
948 2767 1032 2817 Duisb.
1049 2772 1142 2819 notter.-
1168 2770 1238 2837 qnod
1264 2788 1295 2821 ex
1310 2771 1414 2823 anteced.

251 2834 318 2905 plur.
333 2843 416 2885 ortum
438 2842 491 2894 este
508 2832 539 2883 ll.
555 2834 583 2884 Ρ.
600 2833 666 2885 Gud.
681 2836 713 2883 11.
728 2834 808 2884 blarb.
823 2832 907 2884 eata.
926 2838 1000 2886 nullo.

268 2952 346 3003 nentia
358 2950 474 3003 instittrttt
484 2950 589 3018 pulchra
603 2960 629 3002 et
646 2952 766 3021 exquisita
781 2960 827 3002 est.
851 2968 909 3001 nam
925 2951 967 3001 rel
984 2950 1111 3003 initiorum
1127 2954 1319 3007 similitudinem
1337 2956 1361 3005 in
1373 2972 1411 3005 ar-

251 2970 334 3071 belam
350 3022 460 3071 llanditts
488 3019 520 3068 ad
543 3020 638 3087 Wopk.
656 3038 681 3087 p.
697 3020 738 3071 93.
758 3018 826 3069 tatti-
851 3018 961 3087 chetypo
977 3020 1131 3071 omissorum.
1161 3026 1276 3074 blandius
1289 3022 1412 3089 udWopl.

250 3097 307 3147 tur,
331 3104 407 3153 quum
420 3086 467 3135 scri
486 3096 567 3135 turam
580 3091 606 3137 t‘n
622 3090 684 3138 bunc
698 3085 756 3137 ideo
773 3104 826 3137 esse
852 3104 876 3153 p.
894 3086 950 3138 134.
974 3086 1036 3138 haec
1052 3088 1127 3138 verba
1152 3089 1309 3157 interpolata
1322 3104 1410 3141 seuseu

251 3152 445 3219 praeferendam
467 3104 543 3213 sicit,
571 3154 638 3231 quod
660 3155 715 3219 ipse
732 3154 766 3203 sit
782 3170 825 3203 sa·
851 3154 883 3202 de
906 3154 931 3203 h.
948 3154 964 3203 l.
990 3157 1027 3206 sic
1046 3155 1153 3206 iudieat:
1183 3158 1270 3207 Omnia
1287 3156 1410 3207 sententias

252 3216 340 3285 plens,
358 3219 400 3284 qui
412 3217 523 3268 imitetur
539 3218 639 3283 divina,
658 3220 725 3269 etin
744 3238 826 3285 quem,
851 3220 888 3269 vis
905 3222 1014 3273 cernitur
1028 3222 1053 3272 in
1070 3223 1198 3303 oppositis
1210 3242 1267 3275 roe.
1279 3226 1376 3275 assidete
1387 3230 1408 3271 tl

253 3296 372 3353 tanquam
393 3285 419 3333 in
435 3301 503 3333 mare
514 3285 595 3335 sentis
609 3286 763 3348 subiectum,
782 3306 825 3336 cu·
850 3293 956 3351 evenirc,·
973 3306 1077 3357 quorum
1090 3291 1153 3341 tllud
1167 3292 1195 3342 id
1209 3293 1339 3359 significet,
1353 3288 1407 3359 qdod

254 3352 299 3404 (lat
313 3351 479 3419 perturbatio.
852 3371 882 3404 ex
899 3355 1035 3424 improviso
1053 3369 1079 3409 et
1102 3372 1207 3425 praeter
1226 3379 1299 3429 spem
1313 3358 1351 3417 fir,
1367 3358 1407 3409 boe

304 3436 352 3472 nott
367 3421 565 3483 praemeditatum
580 3422 621 3485 eit]
648 3420 829 3471 llevocsvimus
851 3434 951 3483 autem,
978 3426 1046 3492 qnod
1068 3443 1099 3477 ex
1115 3444 1199 3478 rerum
1216 3439 1306 3479 natura
1325 3437 1347 3477 et
1360 3440 1405 3475 en
1443 3469 1444 3472 ,

256 3504 322 3540 nuno
338 3488 402 3539 baec
416 3488 508 3547 verba,
533 3504 597 3555 quae
612 3488 727 3554 leguntur
744 3488 769 3538 in
788 3488 828 3540 ed.
853 3492 1001 3541 necessitate
1018 3493 1124 3560 quadam
1139 3497 1269 3561 provenit.
1301 3496 1359 3561 Ergo
1370 3490 1404 3541 dl·
1434 3533 1436 3556 ,

257 3566 308 3607 vet.
332 3556 411 3607 Barth.
434 3565 459 3604 et
482 3554 540 3605 edd.
566 3558 591 3605 S.
617 3558 644 3606 E.
670 3556 778 3625 itemque
802 3557 827 3605 in
853 3557 888 3607 cit
904 3559 1004 3609 Cicero:
1022 3561 1082 3629 quid
1098 3573 1187 3629 potest
1202 3564 1315 3615 accidere
1327 3556 1403 3613 teled-
1433 3557 1434 3572 ¹

257 3622 334 3670 duob.
351 3623 427 3681 Poll,
445 3622 489 3671 sed
506 3622 533 3672 bi
548 3622 643 3673 habent
657 3639 685 3675 ne
703 3640 749 3691 pro
765 3640 829 3685 tton,·
853 3625 891 3675 cui
908 3626 969 3676 nihil
987 3629 1120 3679 fortuitum
1136 3631 1239 3691 accidit,
1253 3630 1318 3711 quod
1328 3625 1403 3680 leniri
1424 3626 1428 3645 '

257 3685 370 3801 plerique
388 3688 471 3749 codd,
490 3690 566 3740 etiam
581 3692 610 3740 ll.
622 3693 649 3741 P.
659 3694 716 3742 Vat.
728 3692 792 3741 Gud.
806 3692 828 3741 1.
852 3692 878 3741 in
895 3710 977 3743 rerum
993 3696 1133 3747 necessario
1150 3710 1244 3749 eventu
1258 3698 1309 3748 beri
1322 3690 1403 3765 [ΜΤ
1441 3701 1444 3752 1

269 3754 299 3814 1.,
317 3763 344 3801 et
358 3754 492 3821 pleraeque
506 3758 564 3808 edd.
574 3768 636 3809 vett.
650 3760 770 3809 omittunt
785 3776 828 3817 εις
852 3760 891 3809 lta
908 3761 984 3811 etiam
998 3762 1163 3829 intelligitur,
1181 3776 1331 3833 quapropter
1342 3758 1405 3813 verbs

257 3818 750 3950 olettertttf'tttntttt
765 3828 828 3944 ed
849 3834 924 3945 att
946 3827 1404 3965 effluet.

258 3961 284 4001 st
301 3968 363 4003 anus
380 3958 425 4004 ox.
441 3966 467 4004 et
482 3958 551 4007 bion.
561 3962 583 4009 l.
600 3964 639 4008 eut
652 3964 712 4011 nibil
726 3966 828 4011 subttrnn
851 3962 873 4009 si
887 3962 949 4041 quid
963 3935 1060 4014 advelsi
1070 3916 1195 4031 aeetrtqertt,
1211 3965 1365 4023 adnexa,
1376 3976 1405 4009 Μ
1443 3959 1444 4018 ἶ

257 4022 306 4077 sat,
330 4034 353 4078 q.
367 4022 391 4069 b.
407 4034 427 4068 e.
439 4026 485 4081 pe?
510 4026 571 4072 Nom
588 4034 636 4074 ete.
670 4029 711 4075 Or.
737 4028 828 4095 aliique
852 4028 877 4077 id
892 4046 945 4079 rure
958 4037 1064 4083 evenerit.
1084 4028 1405 4099 aehtetoeusnnttprobat.

258 4081 332 4132 rerba
346 4098 392 4133 non
403 4091 643 4147 proemebsituucis
660 4092 826 4149 incluserunte
853 4113 932 4163 neque
952 4101 1054 4150 omuino
1076 4100 1126 4151 hoc
1143 4103 1269 4153 verborum
1283 4096 1406 4149 Mum
1443 4142 1444 4145 η

258 4152 364 4202 motetus
373 4148 436 4199 haec
446 4152 521 4201 verbe
537 4170 587 4202 non
598 4157 702 4222 recepit,
713 4159 758 4206 sed
772 4172 828 4224 post
850 4166 925 4213 statui
944 4176 1038 4231 potest,
1056 4171 1201 4234 praesertim
1214 4184 1287 4235 quam
1297 4164 1346 4217 b.l.
1359 4162 1405 4213 αὖ·
1440 4167 1444 4290 q

256 4222 330 4283 possit
345 4219 457 4269 lacunam
473 4236 527 4269 esse
541 4221 637 4271 statuit.
664 4227 756 4274 Tiscber
770 4226 827 4275 edi-
851 4227 931 4279 ditum
947 4232 980 4281 sit
996 4252 1031 4301 pr.
1049 4240 1113 4299 tale,
1137 4238 1155 4289 i.
1169 4254 1190 4290 e.
1203 4238 1351 4301 &millum
1365 4232 1406 4281 ‘ll'

258 4286 310 4339 dit:
326 4303 418 4351 praem
432 4303 479 4338 non
492 4291 530 4338 sit.
566 4288 675 4339 liveriis
691 4289 762 4341 huius
777 4293 826 4343 loci
850 4299 908 4358 quid
923 4306 965 4349 out
981 4307 1136 4363 repentinum.
1441 4299 1444 4360 l

257 4355 437 4423 ,upptementie
452 4366 477 4407 et
491 4354 641 4423 optimorum
656 4359 730 4411 codd.
748 4360 827 4410 omis·
901 4368 964 4416 Nom
979 4372 1042 4430 quod
1058 4374 1139 4437 stunt]
1161 4375 1193 4425 V.
1204 4364 1405 4423 neemiam·
1434 4421 1436 4432 .

258 4422 329 4473 eim
352 4434 473 4504 ppppret,
498 4424 611 4475 lacunam
637 4428 826 4478 vetustissimam
851 4430 893 4491 30,
910 4432 952 4485 13.
988 4438 1024 4485 De
1038 4454 1065 4486 re
1078 4438 1133 4503 ipsa
1152 4442 1187 4491 cf.
1202 4456 1278 4508 supra
1293 4428 1402 4497 0²⁰AE
1434 4443 1444 4492 l

257 4502 319 4564 ειμι.
345 4494 410 4541 orrrr
424 4510 453 4541 en
469 4492 551 4559 potnit
566 4508 595 4541 ex
610 4508 648 4553 eo,
665 4494 733 4562 quod
747 4496 825 4547 libra·
852 4500 889 4547 De
903 4516 941 4567 sq.
956 4516 1062 4554 errorum
1076 4509 1211 4571 radicibus,
1226 4508 1244 4559 i.
1261 4524 1285 4559 e.
1300 4498 1404 4557 annu
1442 4501 1444 4514 ”

257 4566 289 4601 ιιι
304 4556 390 4607 oculus
412 4560 444 4607 ab
461 4560 547 4611 ultima
570 4558 666 4627 syllaba
682 4562 751 4610 verbi
773 4578 827 4625 pos·
849 4576 966 4634 tanquam
983 4568 1050 4627 rad..
1069 4590 1093 4623 r.
1108 4573 1142 4623 ad
1160 4577 1205 4629 lll.
1224 4576 1250 4637 1,
1269 4572 1292 4627 1.

256 4622 299 4668 sll
313 4620 438 4672 abemvit
452 4626 485 4674 ad
500 4628 610 4678 ultimam
628 4626 749 4695 syllabam
766 4646 825 4680 ver·
902 4635 960 4684 Car.
975 4638 1087 4689 xxv1t.
1112 4642 1187 4705 §.58
1211 4650 1236 4695 ts
1251 4640 1300 4712 νὴ]
1312 4636 1365 4691 berb
1377 4632 1406 4686 ll·

256 4684 346 4735 bor'om
362 4704 386 4739 n.
399 4704 437 4750 pr.
451 4696 477 4740 si
483 4700 500 4742 t.
526 4694 608 4744 Etiam
618 4697 759 4756 werenhere.
772 4698 824 4749 Eun.
849 4698 935 4751 berum
952 4720 1006 4753 esse
1021 4706 1222 4772 perturbatione.
1442 4703 1444 4718 ⁴

257 4752 275 4800 l.
305 4788 312 4801 .
324 4750 362 4804 17.
373 4754 435 4805 baec
449 4757 523 4834 perba
531 4761 625 4810 tuenda
638 4770 731 4840 censet,
743 4780 797 4813 corn
818 4805 824 4818 .
899 4778 988 4830 wenta
1001 4776 1059 4839 sint]
1076 4776 1124 4825 Per
1137 4776 1262 4845 frequens
1270 4768 1406 4830 atlntfifl'

255 4768 303 4870 lll.³
318 4816 356 4879 ld,
370 4820 413 4872 29.
435 4822 522 4882 lest.
539 4836 565 4874 et
581 4826 623 4877 3¹2.
641 4784 822 4897 Plule.§.l.
847 4850 940 4899 genus,
958 4854 1008 4904 quo
1024 4841 1225 4911 substantivum,
1244 4844 1315 4917 quod
1328 4842 1359 4897 sd
1372 4856 1407 4893 Ι·
1443 4847 1444 4852 ’

255 4886 389 4969 multisque
403 4888 513 4941 collectis
535 4893 655 4961 exemplis
670 4895 823 4962 singulorum
848 4901 1003 4955 secedentem
1012 4910 1211 4964 enuntiationem
1222 4916 1407 4983 pertinetem

253 4955 392 5025 plantamus
405 4957 537 5010 verboram
549 4964 823 5030 propterterrninatio·
846 4966 946 5019 tiationi
962 4973 1080 5026 relativae
1104 4978 1226 5031 inseritur
1252 4994 1279 5033 et
1294 4982 1320 5033 in
1336 4976 1409 5032 enh
