2946 5550
576 335 874 401 creatuturam.
1256 333 1315 399 Qtt

136 452 261 536 intelligi
278 453 395 536 quitlcm
413 453 471 515 ulla
487 453 581 517 virtus
599 458 717 537 potest?
746 453 823 538 Quid
841 462 934 542 crgo?
957 479 992 523 ca
1009 463 1173 544 patieturne
1189 476 1217 527 te
1234 467 1315 549 quic·

134 584 223 648 quam
242 564 343 626 lacere
361 562 432 626 nibil
450 564 652 648 proficientem
669 577 700 628 et
717 566 900 631 laborantem
912 571 948 633 ³l
990 570 1040 634 Αιι
1065 574 1256 657 temperantia
1273 579 1312 639 si·

133 684 187 738 net
201 684 232 736 te
245 674 438 737 immoderate
455 675 554 737 lacere
571 676 744 759 quiequam?
766 698 802 740 an
819 679 876 741 coli
893 679 1004 743 iustitia
1020 682 1128 766 poterit
1141 683 1178 746 ab
1194 683 1312 749 bomine

132 796 256 869 propter
271 784 331 847 vim
354 784 464 848 doloris
486 787 658 849 enuntiante
682 789 856 867 commissa,
882 791 1023 873 prodente
1043 795 1197 872 conscios,
1223 796 1312 859 multa

132 895 230 958 otlicia
248 895 450 978 relinquente?
482 904 536 959 32.
562 894 662 977 Quid?
685 898 847 960 tortitudini
868 901 1080 985 comitibusque
1099 904 1175 982 eius,
1200 905 1312 988 magni·

134 1005 227 1069 tudini
244 1003 351 1083 animi,
375 1005 531 1088 gravitati,
556 1008 731 1090 patientiae,
757 1030 854 1071 reram
878 1010 1069 1073 humanarum
1088 1013 1309 1097 despiciendae,

132 1138 195 1201 quo
218 1116 305 1179 modo
328 1115 541 1199 respondebis?
582 1118 756 1181 Affliotusne
779 1131 808 1183 et
830 1119 956 1183 iaceas⁴
982 1132 1011 1183 et
1035 1122 1215 1185 lamentabili
1238 1145 1312 1187 voce

134 1226 292 1311 deplorans
309 1225 457 1290 audieret
483 1224 634 1291 Oeirnm
649 1228 795 1313 sortem?
839 1229 976 1294 Teucro
998 1231 1038 1293 ita
1057 1232 1193 1295 abactam
1211 1254 1247 1295 nc
1266 1234 1311 1296 vi-

133 1358 201 1400 rum
228 1337 344 1420 quidem
373 1338 525 1420 quisquam
552 1337 701 1402 dixeritt.
748 1339 947 1404 Amittenda⁷
970 1340 1061 1424 igitar
1083 1342 1223 1405 fortitudo
1249 1354 1308 1420 eat,

129 1457 185 1511 aut
207 1445 395 1532 sepeliendus
413 1448 512 1511 dolor.

222 1554 311 1621 XlV.
357 1554 467 1643 Ecquid
492 1558 553 1622 scis
574 1558 681 1641 igitar,
706 1559 730 1621 si
751 1560 818 1643 qnid
844 1559 880 1623 tle
899 1555 1062 1624 Corinthiis
1085 1561 1141 1623 tuis
1160 1561 1306 1637 amiseris,

200 1732 220 1783 3
240 1734 269 1785 [ι.
283 1734 349 1785 coai.
373 1742 395 1786 et
409 1739 499 1799 {matra
520 1740 679 1787 laborantem:
698 1736 766 1803 qnod
783 1736 872 1802 probat
891 1740 947 1788 ll'ee.
965 1739 1018 1786 Em.
1038 1739 1055 1787 l.
1072 1754 1096 1803 p.
1110 1736 1147 1787 ta.
1185 1741 1217 1787 Aa
1237 1738 1307 1787 notio

129 1800 248 1853 vocabuli
262 1805 353 1867 trasna
374 1800 436 1853 latet
453 1805 478 1853 in
495 1804 551 1870 ipeo
568 1805 645 1854 verbo
659 1808 800 1867 tabanum,-
825 1806 868 1856 W.
885 1804 950 1855 coni.
965 1811 986 1855 et
1001 1808 1146 1855 laborantem
1162 1813 1256 1863 tarinae
1282 1817 1308 1855 at

129 1869 201 1921 mel
216 1870 268 1929 td,
286 1866 317 1919 δε
335 1880 363 1921 ut
376 1881 445 1921 recte
460 1870 513 1941 quie
529 1871 620 1923 sentiet
635 1877 657 1922 el
674 1882 721 1924 etc.
755 1871 774 1922 «l
792 1872 854 1922 eod.
876 1872 937 1922 Ball.
952 1876 1074 1951 afflictatae
1090 1879 1182 1924 meent:
1201 1872 1266 1923 unde
1277 1873 1308 1924 0.

127 1936 197 1989 mni.
214 1940 348 2002 attitulatae
361 1942 455 2003 iacent,
482 1957 562 2006 comp.
583 1941 624 1989 tv.
644 1934 682 1997 16.
700 1937 748 1991 35:
775 1956 825 2005 quo
843 1939 901 1989 loco
923 1939 984 1989 nihil
1010 1940 1137 2007 probatur.
1175 1940 1307 2007 volgatam

128 2002 248 2055 delendit
266 2008 386 2068 Woplteru.
403 2025 427 2075 p.
437 2004 479 2057 ttd.
508 2005 590 2056 Hand.
632 2005 649 2055 5
666 2005 762 2056 Multae
777 2005 834 2055 edd.
851 2016 912 2055 vett.
931 2009 1016 2062 audie:
1035 2007 1077 2054 Gr.
1095 2007 1132 2054 El.
1148 2011 1209 2071 Atrg.
1229 2025 1305 2073 marg.

131 2072 241 2123 lambb.
258 2082 285 2123 et
300 2072 378 2123 Goth.
392 2077 509 2125 audierit:
536 2091 587 2141 qao
608 2073 682 2123 etiam
702 2073 825 2140 scriptura
843 2075 943 2123 audiena
965 2073 990 2122 in
1010 2073 1035 2121 ll.
1057 2071 1122 2121 Gud.
1141 2072 1161 2121 l.
1182 2075 1213 2121 lt.
1229 2073 1306 2123 ducit.

129 2140 197 2191 llinc
214 2142 253 2191 lll.
266 2140 292 2189 in
302 2140 367 2191 add.
384 2158 409 2207 p.
419 2141 460 2192 lli.
479 2159 534 2191 cum
552 2143 581 2194 l).
599 2140 731 2207 legendum
747 2152 819 2208 putat
832 2143 947 2202 audierit,
964 2138 1003 2189 cui
1018 2139 1042 2188 in
1056 2155 1126 2205 eeqq.
1142 2141 1228 2189 dixerit
1243 2138 1307 2189 benc

128 2206 291 2275 repondeat.
324 2203 343 2257 6
359 2206 401 2257 Sic
415 2209 445 2257 a.
461 2208 527 2259 Gad.
540 2208 561 2258 l.
579 2210 606 2258 ll.
620 2208 641 2258 l.
660 2208 767 2274 aliiqne;
785 2211 828 2259 Or.
845 2226 866 2257 c.
881 2207 947 2274 vulg.
964 2209 1051 2257 dixerit
1064 2210 1197 2269 quiequam.
1232 2203 1249 2258 'l
1266 2207 1308 2256 Sic

129 2276 176 2325 Or.
192 2294 217 2325 e„
229 2274 259 2324 b.
273 2275 338 2325 (lud.
357 2277 375 2324 Ι.
395 2277 424 2325 ΙΙ.
441 2280 502 2341 Aug.
521 2278 592 2326 Μοιι.
611 2275 632 2325 l.
650 2276 675 2326 Ἰ.
694 2276 767 2326 vind.
786 2276 807 2326 l.
823 2276 848 2326 2.
877 2276 956 2325 llerb.
978 2284 1006 2325 et
1023 2272 1138 2325 omnibur
1155 2272 1212 2323 edd.
1228 2282 1308 2331 cette

130 2342 247 2409 optinent
261 2360 285 2394 r.
300 2343 378 2401 idme
404 2349 447 2393 unt
459 2347 574 2393 mittendo
592 2343 629 2393 El.
645 2341 670 2393 2.
687 2343 753 2394 Gnd.
770 2342 795 2394 2.
814 2342 913 2401 naida
937 2349 979 2392 aut
995 2345 1124 2394 ammaon
1140 2340 1181 2399 lut
1196 2347 1307 2392 want·

129 2412 251 2461 mittem
264 2408 357 2471 aaran
375 2411 441 2461 male
453 2414 543 2462 ltaliae
558 2412 591 2462 ad
608 2413 686 2478 Legg.
703 2414 721 2460 Ι.
736 2409 767 2474 2,
784 2410 809 2461 6.
826 2410 890 2463 ooni.
907 2415 979 2461 omlt.

129 2529 156 2581 la.
176 2544 200 2579 tr.
235 2530 401 2581 remitam:
426 2529 569 2596 pereuaaio,
587 2546 636 2598 qua
654 2529 707 2597 quia
733 2528 820 2579 frater.
854 2529 886 2581 V.
911 2530 1005 2581 Scbble.
1026 2528 1088 2578 Lex.
1111 2526 1163 2579 cic.
1187 2526 1212 2578 lt.
1232 2545 1255 2580 a.
1282 2536 1308 2579 et

128 2594 240 2649 animum
257 2596 367 2659 inducit,
383 2596 478 2663 aliquid
496 2598 587 2649 lacere.
735 2599 856 2659 Woplteaa.
873 2597 955 2647 Lecti.
973 2594 1040 2647 Tull.
1057 2612 1082 2661 p.
1095 2596 1137 2647 83.
1156 2595 1239 2645 Haud.

180 2664 374 2743 Prudentiamae]
393 2665 543 2729 Prudentia,
561 2676 707 2731 temperau-
783 2667 881 2716 cador.-
899 2666 920 2715 0
936 2667 1014 2715 utrm
1027 2663 1144 2732 fumali]
1172 2666 1254 2725 Quum
1271 2662 1307 2713 itu

128 2730 174 2791 tie,
191 2730 293 2791 matitia,
312 2731 437 2782 fortitudo
447 2744 506 2783 eunt
518 2743 636 2800 quattuor
646 2749 707 2799 quae
732 2731 837 2783 affectae
853 2732 915 2790 erio,
933 2730 1095 2798 quisquamne
1111 2741 1138 2781 te
1154 2731 1234 2782 virum
1250 2729 1306 2781 t'nr·

128 2808 222 2851 roaeat
239 2798 343 2849 virtanea
360 2798 506 2849 cardinales.
732 2809 784 2851 tem
801 2816 855 2850 eeee
871 2798 959 2850 dicet?

179 2866 323 2934 patieturne]
341 2866 473 2917 Sententia
487 2877 538 2917 eat:
557 2867 612 2917 Niei
625 2866 707 2919 omnia
783 2870 915 2919 amittenda
932 2895 961 2906 -
974 2868 1098 2930 fortitudo]
1117 2870 1226 2917 demittere
1241 2866 1306 2930 (uut-

129 2932 407 2993 manuteneatur,
433 2934 565 3001 prudentia
582 2952 636 2985 eeee
654 2953 705 2985 non
731 2939 817 2999 pelea,
833 2937 963 2986 maban
975 2935 1033 2997 aut)
1052 2933 1197 2998 exquisitius
1212 2931 1307 2979 dictum

129 3012 224 3070 puteat.
261 3000 326 3051 Nam
359 3001 475 3055 radentia
488 3020 539 3053 noo
555 3003 665 3069 patietur
679 3013 707 3052 te
732 3013 770 3052 eat
784 3002 818 3053 ob
897 3002 944 3050 .ia
960 3018 982 3050 c.
995 3003 1032 3049 ll.
1047 2999 1124 3064 princ.
1148 3001 1226 3071 llaaer
1234 3011 1307 3044 oont-

129 3086 184 3121 ιιιιιι
207 3067 318 3137 aliquam
335 3018 433 3131 ilceto,
459 3069 486 3120 in
505 3086 568 3137 quo,
594 3070 706 3136 quamvis
732 3078 804 3135 parat
818 3067 850 3118 ad
895 3082 979 3115 erean.
996 3066 1036 3113 tv,
1052 3062 1094 3113 ll.
1115 3062 1148 3111 de
1167 3063 1244 3139 ilecto
1259 3076 1307 3127 pro

129 3154 218 3188 amaea
235 3147 291 3187 tum
307 3136 423 3188 intendat
441 3137 520 3197 cirea,
542 3149 626 3189 tamen
644 3136 706 3187 nihil
731 3133 813 3202 patria
835 3151 863 3184 ae
884 3134 1039 3182 devovente:
1066 3132 1145 3178 umlril
1162 3137 1254 3185 vatam,
1280 3137 1308 3177 nt

129 3202 258 3272 proficias.
297 3204 363 3271 Bega
386 3222 433 3255 nec
457 3204 545 3256 dolore
568 3216 594 3255 te
618 3203 706 3255 confici
732 3219 781 3252 non
806 3198 924 3268 perdidit.
960 3196 1011 3246 Cic.
1028 3196 1061 3245 N.
1080 3197 1109 3245 l).
1126 3196 1158 3245 ll.
1173 3190 1224 3255 49,
1244 3190 1306 3245 l‘ll:

129 3269 400 3389 patietuplprndenhttu,
417 3271 705 3389 nqmenepiqpiendodo-
732 3279 832 3388 mppppt
846 3269 983 3386 utppgldetettl.
1006 3264 1137 3315 Doederlln.
1151 3264 1247 3329 Synna.
1263 3262 1307 3312 lll.

139 3355 260 3391 orenu
304 3354 333 3387 ro
372 3356 398 3391 ee
458 3358 505 3390 .e.
541 3356 756 3390 ooremnon.
831 3363 861 3374 -
923 3366 930 3381 ·

130 3406 272 3457 imminua.
287 3356 391 3457 pheon
405 3377 537 3459 itlnadent
550 3407 609 3457 huic
623 3406 706 3472 impe·
731 3356 747 3406 Ρ
781 3403 927 3464 repellendae
948 3399 1026 3466 daur]
1050 3395 1224 3462 bletaphon'oe
1243 3412 1305 3463 pro:

130 3472 217 3525 ditiori
243 3473 302 3525 loeo
328 3475 447 3526 uoaoalla
471 3474 561 3525 horum
586 3474 706 3524 librorum
732 3467 934 3537 comprimendae
957 3476 983 3517 et
1008 3462 1213 3517 contemnendae.
1248 3466 1307 3515 lter-

130 3541 262 3608 exempla,
295 3540 324 3591 in
348 3541 436 3609 quibua
463 3542 552 3593 eadem
581 3540 706 3592 sententia
731 3543 801 3590 atur:
818 3538 878 3587 blan
894 3552 960 3584 muea
978 3533 1028 3583 ‹lea
1045 3531 1161 3583 Schmerz
1178 3547 1208 3581 eu
1223 3529 1307 3582 Garbe

130 3610 276 3677 remigante
300 3616 355 3667 eet,
391 3609 428 3659 nti
457 3608 524 3660 infra
549 3627 571 3660 c.
588 3606 637 3669 Ἡ,
655 3604 705 3660 b'l:
732 3616 828 3671 tragen.
864 3600 1014 3667 bletaphora
1031 3599 1149 3650 ιιιιὼιοίοι
1168 3608 1222 3656 een
1248 3614 1305 3677 narn

130 3678 212 3739 Quam
229 3692 290 3727 rero
307 3674 413 3741 gemtem
431 3675 493 3726 nihil
510 3676 640 3727 imminuat
656 3675 705 3725 do·
732 3672 786 3725 aliie
801 3672 863 3724 locia
877 3669 981 3722 verbum
996 3670 1123 3731 repetundi
1136 3666 1306 3732 metaphorice

130 3743 204 3805 laria,
228 3760 274 3793 our
289 3743 383 3793 lmetm
400 3754 484 3809 turpee
501 3762 554 3794 eree
571 3740 706 3794 colomna?
733 3740 827 3791 dictam
850 3737 973 3805 significat
995 3739 1025 3786 de
1040 3738 1117 3785 audio
1138 3738 1232 3811 lullae3
1258 3749 1307 3782 ou-

130 3810 230 3865 ittae.
264 3828 299 3860 r.:
317 3810 386 3871 Quid
402 3822 440 3861 eat
456 3821 553 3872 eutem,
570 3810 638 3877 quod
652 3810 707 3876 plur
732 3811 801 3871 terre,
819 3811 971 3870 admouere
996 3799 1305 3868 studetegbtamtdt:

131 3878 236 3929 valente
261 3877 407 3944 ponendum
415 3876 539 3938 dolorem,
550 3894 624 3945 quem
633 3894 708 3944 qaum
732 3875 825 3927 bellum
843 3878 889 3941 (ec.
906 3870 999 3934 amne)
1024 3868 1212 3947 exapertatione
1229 3866 1307 3913 Porn-

131 3954 169 3995 αι
183 3944 355 4004 iutelleetmn,
373 3945 435 3995 ailril
454 3944 556 4011 profici,
575 3955 602 3995 et
616 3945 707 3994 tractre
732 3942 783 4010 peii
806 3950 964 3992 attenuatum
986 3947 1063 4004 atque
1084 3942 1240 3984 imminutam
1260 3939 1307 3987 eat,

131 4026 186 4061 ecee
202 4010 366 4080 arreptam?
393 4011 456 4063 lbid.
472 4030 493 4064 c.
507 4012 549 4074 3¹2,
566 4012 613 4065 77:
631 4014 708 4061 Sum·
732 4008 842 4062 adventa
858 4007 982 4059 sublatum
998 4022 1030 4055 ec
1043 4006 1160 4063 arpellum
1178 3998 1245 4064 (me.
1261 4012 1309 4045 ex-

131 4094 197 4129 mam
213 4078 528 4131 natantianatantia
550 4078 639 4129 malici
656 4077 707 4129 do-
732 4075 872 4140 etineturn).
905 4074 1005 4124 Lueret.
1023 4071 1062 4129 ll,
1078 4067 1136 4120 570.
1181 4132 1187 4143 Ι
1285 4129 1292 4141 ·

131 4144 200 4209 lore,
225 4163 284 4197 carn
299 4146 425 4214 intelligar
441 4146 504 4198 nihil
520 4162 594 4214 poeae
610 4144 707 4213 profici.
732 4144 788 4195 Nec
804 4158 924 4211 raperere
940 4146 1035 4207 queunt
1051 4144 1134 4185 mutua
1151 4142 1237 4210 utrque
1253 4147 1308 4182 ext-

176 4218 216 4267 Διι
231 4218 400 4280 amoenata]
418 4215 482 4265 tte.
498 4232 546 4265 neo
559 4224 707 4280 temperan-
1008 4270 1014 4283 .
1201 4198 1284 4281 italae

131 4278 166 4331 th
185 4280 254 4333 tinet
276 4290 304 4333 te
319 4281 486 4333 immoderate
505 4281 594 4332 dolore
618 4279 707 4330 coaliei
732 4280 873 4345 Perpetuo.
901 4289 982 4341 aeque
1007 4287 1034 4320 m
1059 4278 1188 4320 aeternum
1213 4270 1309 4331 tepebat

131 4358 156 4399 et
170 4348 288 4417 deprimi.
817 4348 919 4396 aetatem
935 4341 972 4407 qh.
981 4356 1002 4390 e.
1019 4338 1052 4388 de
1066 4336 1150 4389 medio
1165 4334 1276 4399 tollere).

179 4416 253 4483 §.32
272 4416 363 4484 iuuat]
382 4420 461 4468 tueare
476 4415 603 4483 eleganter
618 4413 709 4465 dican·
734 4415 864 4472 Bentleiue,
889 4408 1052 4475 metaphorae
1075 4404 1167 4457 duritie
1189 4402 1308 4483 alienent,

132 4482 246 4601 teau
260 4480 710 4603 ‘liutprandiana
735 4478 868 4599 tactu
891 4477 1048 4544 W
1081 4479 1124 4523 ”
1148 4470 1311 4534 W

217 4566 597 4603 macerat...
702 4584 809 4599 ..
1287 4596 1294 4609 ¹

132 4615 161 4668 aa
178 4614 254 4671 aete
272 4620 317 4684 x,
334 4614 364 4671 4:
392 4622 453 4671 nea
469 4618 495 4669 ιιι
513 4632 627 4669 maore
641 4586 710 4667 laen
789 4613 850 4663 cn.
861 4612 933 4663 xiv.
957 4610 1110 4736 eupompus
1125 4604 1209 4669 amar]
1229 4598 1311 4652 etan-

1012 4684 1028 4736 l
