2888 5512
580 724 701 774 nrana
721 729 739 774 ι.
757 722 807 788 ro,
828 727 884 778 tto.
1260 713 1321 778 169

140 845 235 927 ligere
250 843 417 925 possimns;
443 842 549 903 atrita
570 854 633 905 acta
657 845 804 926 perficiat,
830 855 862 906 nt
884 846 958 907 satis
980 865 1126 928 superque
1144 846 1258 909 vixisse
1275 850 1318 909 ri-

139 955 273 1016 deamur.
322 949 497 1034 Quanquam
516 951 593 1014 enim
614 972 720 1016 sensus
739 954 890 1031 abierut,
915 965 1011 1017 tamen
1030 955 1119 1018 ania⁷
1141 967 1171 1019 et
1189 958 1317 1040 propriis

135 1064 225 1126 bonis
243 1061 365 1126 Ιιιιιιιίιι8
385 1071 416 1123 et
432 1060 563 1143 gloriae,
588 1064 721 1145 quamvis
741 1084 799 1125 nou
819 1064 964 1141 sentiant,
989 1066 1095 1128 mortui
1119 1088 1178 1128 non
1200 1078 1312 1129 carent.

134 1170 208 1235 Etsi
226 1172 304 1234 eninr
323 1171 395 1233 nihil
414 1170 501 1232 babet
520 1172 550 1232 in
573 1177 631 1233 se⁹
653 1173 765 1255 gloria,
790 1194 842 1235 cur
860 1184 1033 1257 expetatur,
1058 1187 1156 1239 tamen
1175 1177 1314 1239 uirtutem

76 1282 78 1309 ²
138 1294 281 1365 tanquam
303 1281 405 1343 umbra
428 1280 572 1363 sequitur.

225 1388 346 1454 XLVl.
371 1399 445 1454 tto.
470 1388 582 1453 Verum
600 1391 792 1455 nmltitudiuis
810 1393 947 1457 indicium
970 1394 1129 1473 debonis,
1152 1396 1315 1478 siquando

135 1513 205 1579 est,
229 1503 323 1585 magia
338 1500 515 1563 laudandum
532 1511 596 1576 est,
620 1522 706 1584 qnam
729 1502 771 1563 illi
791 1503 828 1564 ob
852 1524 915 1566 eant
936 1524 998 1566 rem
1021 1504 1110 1567 beati.
1155 1502 1225 1567 Non
1250 1527 1316 1589 pos·

76 1680 78 1687 ,
137 1632 209 1675 eum
233 1621 330 1673 antem
353 1610 469 1687 dicere,
493 1630 609 1693 qnoqno
632 1612 719 1673 modo
741 1611 796 1675 boc
817 1614 1017 1697 accipietnrl,
1042 1613 1231 1699 Lycurgum,
1257 1613 1315 1677 So·

76 1808 78 1825 1
139 1721 244 1785 lonem
265 1720 361 1803 legum
383 1729 411 1781 et
434 1718 566 1803 publicae
595 1721 768 1804 disciplinae
795 1742 898 1784 curere
925 1725 1035 1806 gloria,
1068 1724 1311 1801 Themistoclem,

138 1829 376 1916 Epaminondam
390 1829 513 1891 bellicae
526 1829 657 1893 virtutis.
690 1830 770 1893 Ante
786 1830 863 1893 eninr
878 1829 1078 1895 Salaminam¹
1097 1835 1188 1916 ipsam
1198 1832 1314 1922 Neptu·

214 2002 233 2057 6
249 2008 291 2056 Or.
307 2022 322 2054 e
338 2005 399 2058 enni.
416 2007 448 2055 L.
462 2010 543 2069 oberit,
562 2006 597 2056 nti
614 2006 675 2072 legit
690 2009 743 2056 MS.
761 2006 786 2056 in
803 2026 879 2075 marg.
897 2009 938 2058 ed.
955 2008 1042 2059 itaut.
1059 2009 1123 2058 etin
1142 2010 1170 2057 ll.
1186 2027 1226 2076 ap.
1238 2010 1315 2067 Dara,

76 2128 82 2145 ,
139 2074 188 2126 sed
205 2073 233 2123 in
250 2072 279 2122 ll.
294 2090 335 2140 ap.
352 2074 396 2125 Tr.
411 2077 509 2134 obierit,
525 2074 561 2122 nti
578 2073 603 2123 in
621 2074 720 2141 reliquia
738 2075 812 2127 codd.
846 2076 966 2126 Futurum
981 2087 1094 2126 exactum
1111 2080 1195 2127 obierit
1211 2077 1315 2126 eandem

137 2144 196 2195 l'ere
220 2140 300 2192 babet
324 2140 390 2200 rim,
416 2156 490 2207 quam
514 2144 594 2192 aberit.
636 2139 712 2191 't'Sic
734 2142 833 2209 egregie
850 2144 992 2193 emendarit
1008 2146 1038 2193 L.
1054 2162 1101 2210 pro
1118 2145 1183 2211 vulg.
1201 2149 1314 2195 summit:

138 2211 206 2278 qnod
225 2226 306 2287 nuper
320 2208 386 2258 male
399 2208 527 2258 revocarit
542 2210 586 2259 Tr.
601 2210 630 2257 V.
647 2208 679 2258 ad
695 2207 765 2266 029.
779 2209 826 2260 70:
843 2216 941 2273 proprie
957 2218 978 2261 et
993 2227 1046 2261 ruo.
1081 2212 1099 2261 tt
1115 2212 1157 2261 Sic
1173 2214 1200 2260 ll.
1214 2211 1278 2261 Gud.
1290 2210 1312 2261 l.

137 2281 169 2330 ll.
185 2276 212 2328 2
230 2276 324 2343 altique
342 2274 429 2334 eodd.;
459 2278 501 2324 Or.
519 2294 539 2325 c.
556 2275 622 2341 vulg.
647 2283 674 2325 et
696 2281 791 2339 lendin
816 2277 902 2343 inepte
927 2278 1018 2329 dicitnr
1040 2286 1061 2330 et
1077 2279 1156 2330 laudis
1174 2286 1194 2330 et
1209 2279 1313 2345 gloriae,

136 2344 213 2463 9ἓο
229 2347 273 2394 Or.
291 2361 313 2395 c.
330 2342 361 2392 ll.
380 2342 447 2393 Gnd.
464 2343 486 2393 l.
505 2344 535 2393 li.
550 2341 575 2393 2.
591 2343 616 2392 b.
635 2343 738 2409 aliisque
763 2361 810 2410 pro
833 2345 898 2409 vulg.
917 2348 943 2395 in
959 2361 982 2395 ee
999 2349 1089 2396 babent.
1123 2347 1216 2396 XLVl.
1255 2347 1266 2397 l
1288 2365 1310 2394 v.

138 2532 189 2567 non
204 2521 282 2573 aunt,
300 2528 384 2580 neqm
401 2511 490 2575 l'acile,
515 2511 552 2562 nti
569 2520 639 2563 recte
656 2531 714 2564 mo·
740 2515 770 2564 L.
786 2508 896 2581 §.tlon
914 2514 946 2573 cl.
977 2516 1078 2565 Kerniue
1094 2530 1167 2580 pron.
1182 2514 1315 2563 boeretert

140 2593 182 2633 net
201 2585 319 2643 Orellirtr,
339 2578 416 2647 aliqui
433 2579 546 2629 librarios
565 2581 714 2647 explicatio-
740 2581 772 2631 ad
788 2581 889 2630 verbum
905 2583 1018 2643 carendi,·
1043 2580 1168 2647 duplicem
1183 2578 1249 2629 enim
1268 2580 1315 2629 ha-

142 2666 200 2699 nern
213 2648 252 2697 ita
266 2663 474 2715 mpetracanearn
492 2646 621 2698 additurus
639 2649 715 2699 luisse
740 2649 783 2698 bet
798 2649 864 2708 rim,
889 2659 916 2698 ut
932 2659 957 2697 et
974 2648 1097 2713 significet
1114 2663 1179 2711 eqere
1195 2663 1235 2707 ec,
1252 2650 1315 2710 quod

143 2716 253 2766 videtur.
285 2714 353 2765 ldern
368 2716 401 2764 V.
418 2716 447 2765 D.
462 2714 542 2763 refert
556 2732 586 2765 ea
603 2715 635 2764 nd
652 2732 715 2767 mer·
740 2718 823 2766 buben
838 2721 904 2779 cette,
921 2726 947 2765 et
960 2715 1065 2773 dicatur,
1077 2730 1150 2778 quum
1165 2718 1256 2777 aliquid
1268 2731 1314 2765 nort

144 2790 213 2846 inea,
229 2781 266 2831 ita
283 2792 311 2831 ιιι
325 2780 387 2832 baec
403 2778 536 2841 sententia,
554 2782 622 2832 nulla
637 2800 715 2850 aupe-
740 2786 828 2833 babeas
845 2790 866 2833 et
881 2799 927 2833 non
947 2786 1031 2833 bebere
1054 2789 1076 2833 te
1098 2787 1199 2845 sentiar,
1224 2785 1315 2832 etiamsi

95 2878 101 2883 ·
142 2852 237 2901 domm
255 2848 384 2899 verboram
402 2848 501 2898 ratione
517 2849 617 2910 habita,
641 2868 715 2917 repe-
739 2853 766 2900 t'd
782 2853 853 2913 [ueile
865 2855 966 2914 potiore.
993 2851 1023 2901 V.
1040 2868 1061 2902 e,
1077 2851 1120 2910 36,
1135 2856 1176 2902 ee.
1204 2852 1315 2898 Senten-

143 2917 250 2968 merit:
269 2920 461 2979 turturini,
478 2920 648 2980 quamverum
665 2932 717 2969 ren·
742 2918 777 2967 tia
795 2918 870 2982 igitur
885 2918 947 2967 baec
964 2926 1044 2967 earet:
1070 2919 1198 2984 Lycurgus
1212 2928 1238 2966 et
1252 2915 1313 2967 Solo

142 2990 206 3037 dent.
741 3000 821 3035 curere
837 2985 926 3051 gloria,
943 3001 1043 3065 quoquo
1062 2984 1139 3035 modo
1155 2985 1257 3035 verbnm
1271 2999 1312 3034 eo-

178 3057 419 3115 cbtntentoarqnom
430 3054 642 3118 umbreseqnitur]
659 3053 717 3102 Pul·
741 3055 809 3101 rendi
823 3052 960 3119 accipitur,
982 3052 1095 3103 dicineo
1113 3064 1230 3120 possuntt
1254 3068 1312 3102 narn

142 3120 197 3171 dure
213 3120 320 3171 dietum.
355 3119 398 3169 Sic
421 3121 514 3168 Seneca
540 3136 580 3184 ep.
599 3118 648 3179 79,
669 3120 715 3171 ll:
742 3136 821 3186 neque
837 3120 942 3187 gloriam
956 3120 1120 3187 expetierunt,
1137 3133 1254 3188 tanquam
1269 3138 1311 3169 ra·

141 3187 237 3254 „gloria
250 3187 341 3237 umbra
355 3186 454 3235 virentia
469 3196 515 3249 eat,
534 3187 608 3236 etiam
623 3186 715 3238 invitos
742 3187 845 3254 pientes,
864 3206 944 3257 neque
961 3206 1011 3239 non
1028 3188 1129 3250 habent,
1161 3191 1200 3240 nia
1212 3188 1312 3237 illorum

97 3316 100 3323 Ι
141 3254 334 3307 eoninbtmr2=⁴
353 3270 417 3321 qnae
430 3263 486 3303 tota
501 3253 606 3320 epistola
618 3255 715 3321 dignis·
741 3255 857 3306 uirtutem
872 3256 959 3323 gloria,
976 3267 1095 3323 tanquam
1111 3208 1205 3311 umbra.
1224 3255 1311 3318 aequi-

138 3323 199 3373 rima
216 3332 264 3384 eet,
283 3338 349 3390 qnae
363 3338 419 3371 enm
436 3331 524 3371 nortro
538 3321 596 3373 loco
611 3341 715 3390 compa-
740 3333 787 3373 tur.
825 3325 923 3375 ilectim
938 3324 1037 3374 videtur
1055 3328 1156 3374 Orellinr
1170 3325 1254 3371 turcum
1272 3319 1312 3367 in-

101 3398 105 3411 '
138 3400 214 3442 mor.
740 3390 877 3440 telleriaae:
897 3390 1058 3451 „dochltann
1073 3389 1114 3436 ich
1127 3406 1153 3435 ea
1171 3385 1314 3434 nichttiber

189 3457 357 3508 cmxtNt.
375 3460 399 3525 b.
410 3456 463 3507 llll.
483 3456 635 3524 menete]
653 3460 714 3507 Seu-
740 3456 806 3505 mich
821 3458 940 3522 bringeu,
960 3473 989 3503 zu
1006 3470 1096 3518 sapen,
1116 3452 1161 3499 trie
1178 3468 1234 3499 mun
1252 3451 1314 3500 uuelt

140 3524 223 3575 tentia
238 3535 279 3574 eat
292 3524 368 3575 haec:
386 3525 480 3574 Verum
496 3524 659 3573 multitudinis
674 3525 714 3573 iu·
741 3523 809 3571 diere
824 3523 905 3571 meiue
922 3522 1083 3585 llelruuptung
1099 3518 1249 3567 autnehmen
1266 3516 1315 3565 urrrd

142 3591 239 3642 ditium
254 3589 289 3639 de
306 3590 549 3651 montanianus,
576 3591 715 3658 siquando
742 3588 869 3638 rielleicht
887 3586 1111 3653 nnphiloaoplriaeb
1128 3584 1210 3635 finden
1227 3584 1315 3633 wird.“
1374 3596 1379 3603 ·

141 3670 185 3710 est
204 3662 251 3723 (re.
264 3658 372 3723 vm),
395 3660 474 3725 magia
492 3657 539 3723 ipsi
562 3659 715 3708 multitudini
789 3660 898 3719 publicae
919 3655 1067 3719 disciplinae]
1087 3656 1314 3717 Stuuteeerp'nrrunp.

142 3726 214 3777 laudi
232 3734 290 3784 eet,
318 3742 385 3792 qnnn
402 3726 464 3776 boni
480 3726 593 3776 homines
611 3727 643 3775 ob
661 3742 715 3775 eam
741 3728 917 3787 „Dirciplt'uum
932 3723 964 3771 de
979 3721 1014 3771 rei
1029 3721 1141 3788 publicae
1157 3720 1315 3771 institutione

140 3812 211 3854 rem,
239 3791 309 3861 qnod
326 3810 411 3843 eorum
435 3812 475 3845 ree
492 3805 578 3861 geatae
597 3813 611 3842 a
629 3793 717 3842 multi·
742 3792 826 3858 posuit
844 3791 932 3840 Cicero
949 3790 1024 3839 etiam
1047 3789 1079 3837 N.
1098 3790 1129 3839 D.
1152 3790 1313 3847 111.35.e5:

139 3862 229 3912 tudine
258 3860 429 3921 celebrantur,
463 3862 530 3912 beati
557 3861 716 3929 praedicandi
743 3858 899 3925 respublica
916 3858 1013 3907 ratione
1028 3856 1134 3924 quadarn
1149 3856 1314 3924 etdiaeiplino

140 3941 205 3981 mut.
742 3926 880 3992 designato.
914 3925 948 3975 ib.
965 3924 1013 3985 39,
1032 3927 1078 3977 at:
1099 3923 1314 3976 Lacedaemonio-

187 4012 284 4062 qaeqne
296 3998 367 4047 mode
379 3998 423 4047 boe
439 3996 576 4065 accipietur]
596 3997 717 4047 Sicrecte
744 4012 798 4045 rnm
821 3993 977 4060 disciplinam
997 4010 1060 4042 -a
1083 3993 1198 4061 Lycurgo
1221 3993 1313 4044 dutum.

141 4068 181 4116 0r.
196 4063 327 4123 nstituit,
346 4063 414 4130 qttod
431 4064 520 4129 optimi
539 4063 621 4123 codd„
642 4075 669 4114 ut
687 4064 715 4114 ll.
742 4062 841 4128 Fragm,
858 4062 976 4112 Hortena.
1001 4057 1096 4127 plote
1114 4060 1154 4112 ed.
1179 4064 1220 4112 Or.
1234 4062 1314 4112 omnis

142 4132 204 4183 eat.
223 4138 266 4195 t.,
292 4130 385 4197 aliique
401 4131 520 4197 permulti
535 4131 647 4192 babent,
671 4149 717 4198 pro
743 4130 779 4179 rei
796 4130 911 4196 pnblime
928 4128 1086 4194 disciplina“
1121 4131 1203 4181 bleser.

141 4200 203 4267 ηις.
219 4202 364 4262 mutar.
400 4198 439 4247 Ad
463 4215 546 4249 reram
569 4199 718 4265 scripturam
794 4200 954 4262 Salaminum]
986 4199 1080 4259 Wolfiue
1104 4213 1124 4246 c
1148 4197 1195 4246 Ed.
1218 4198 1314 4246 Manat.

142 4272 268 4331 murat
285 4265 357 4317 ducit
372 4266 448 4316 etiam
464 4266 534 4333 quod
555 4278 593 4316 eat
608 4267 633 4317 in
650 4284 717 4317 non·
744 4263 823 4314 edidit
832 4268 972 4316 Saturnino:
986 4263 1054 4330 qnod
1065 4263 1086 4313 ai
1096 4262 1169 4312 codd.
1178 4260 1315 4311 ullomodo

142 4334 215 4385 nutu·
235 4332 313 4387 eodd.
330 4344 356 4383 et
375 4333 459 4383 multia
476 4333 534 4384 edd.
549 4328 611 4384 r'ett.
625 4337 718 4398 decipe·
742 4342 880 4392 tuerentur,
898 4332 1004 4382 libenter
1020 4330 1179 4408 recepissem.
1211 4330 1314 4404 Tenen-

143 4408 214 4452 ran.
240 4404 270 4453 ln
284 4400 408 4451 eiusmodi
422 4400 635 4453 enuntiationibus
649 4401 717 4451 indi·
744 4399 803 4449 dnm
820 4409 857 4448 ent
873 4399 946 4461 enim,
966 4396 1086 4448 eiurmodr
1103 4393 1205 4445 nomina
1220 4394 1315 4443 nrbrunr

141 4468 238 4521 entim
250 4468 379 4537 legitimae
396 4478 443 4519 eat.
470 4469 509 4518 Οἳ.
527 4471 545 4520 Ι.
564 4466 657 4529 ll,'2·i.
674 4466 716 4530 34,
743 4476 769 4516 et
785 4466 896 4517 locorum
912 4465 979 4534 apud
994 4479 1083 4514 aureae
1098 4461 1187 4511 aetati!
1204 4460 1315 4529 scripto-

137 4537 178 4590 ffl.
204 4534 248 4601 di,
265 4538 324 4591 tt‘t.
351 4536 391 4587 Gi.
401 4539 476 4588 Beier.
485 4534 516 4586 ad
532 4537 611 4587 ΟΜ.
624 4534 665 4596 27,
675 4534 716 4588 94.
743 4552 783 4584 rea
796 4534 822 4584 in
838 4534 980 4586 accusativo
996 4530 1143 4597 plerumque
1158 4528 1256 4597 quidem
1267 4533 1315 4583 La·

138 4605 231 4673 petr.
260 4608 339 4657 Kritz.
349 4604 383 4654 ad
397 4604 457 4654 Sall.
466 4604 520 4653 Cot.
535 4606 576 4664 ut,
586 4605 611 4654 5.
624 4620 649 4671 p.
658 4599 717 4655 tot.
742 4601 810 4652 tinae
823 4602 912 4652 tertiae
922 4597 1094 4650 declinationis
1111 4598 1136 4648 in
1152 4614 1197 4662 em,
1209 4612 1235 4650 ut
1247 4605 1315 4652 Eleu-

138 4674 283 4725 mnam
295 4674 327 4722 L.
339 4672 383 4722 Gr.
401 4674 423 4737 ι’,
436 4671 488 4724 165.
499 4672 594 4721 Noni.
612 4673 717 4721 Kultner.
743 4674 832 4732 ricem,
851 4685 952 4719 nortnnn
972 4682 1027 4715 uam
1043 4677 1126 4718 tamen
1142 4667 1217 4718 etiam
1233 4672 1315 4721 Grae-

139 4738 170 4789 1.
190 4740 238 4793 Gr.
263 4742 288 4808 d.
306 4736 378 4791 llll&
394 4740 429 4802 a).
467 4738 642 4788 Curuunctirna
666 4754 717 4788 non
744 4755 788 4788 cae
803 4737 892 4787 tertiae
908 4684 1082 4785 decbnationia
1102 4736 1127 4786 in
1143 4752 1175 4800 a,
1201 4748 1228 4785 ut
1244 4741 1315 4787 Sale·

141 4806 250 4871 pnitnr,
269 4806 319 4857 ruisi
333 4824 380 4874 per
395 4805 527 4856 modorum
542 4805 718 4856 attractionem
743 4809 824 4867 mino,
840 4802 1043 4854 terminationem
1060 4804 1152 4855 habere
1171 4805 1214 4870 (cl.
1231 4807 1315 4853 Reme-

142 4874 358 4927 uinnratione
374 4873 484 4941 obliqua.
518 4872 558 4923 Gi.
576 4876 595 4923 l.
616 4874 655 4935 ll,
670 4872 716 4923 ¹23:
743 4875 808 4922 bern.
825 4874 855 4923 L.
866 4872 910 4922 Gr.
925 4889 949 4939 p.
959 4868 1001 4922 49.
1016 4882 1041 4921 et
1055 4874 1095 4923 att.
1111 4870 1152 4921 ed.
1161 4872 1185 4921 2.
1212 4873 1316 4921 litabun-

142 4938 240 4995 ntt't'r.
255 4942 326 4994 male
344 4960 358 4992 e
374 4941 439 4993 coni.
455 4939 534 4991 edidit
552 4947 593 4991 eet.
618 4940 660 4999 3¹2,
675 4936 718 4991 79.
743 4941 826 4990 ner.
845 4931 1315 5009 q21,d.letauprandc.ll‚105.)»

136 5006 486 5073 fl·1li‚¹l‘d.V.3'l‚lilid.
521 5009 553 5059 V.
568 5024 613 5058 noa
628 5007 654 5057 in
673 5008 716 5057 Gr.
743 5006 809 5073 apud
826 5005 971 5072 posterioria
994 5015 1077 5054 autem
1097 5001 1185 5054 aetatis
1205 4998 1316 5060 scripto-
