2888 5512
227 305 291 372 ute
664 310 787 362 ιιιιιιιι
807 310 850 358 ιιι.
870 305 915 368 ιι,
934 304 976 356 aa.

231 439 273 503 m
289 437 423 502 nimirum
441 434 513 496 leaeo
530 442 577 495 est
592 431 640 492 ilia
656 438 809 513 praestans
829 437 859 488 et
875 423 974 486 divine
991 421 1157 504 sapientia,
1181 432 1212 484 ct
1225 426 1400 505 pereeptas⁴

234 548 349 635 penitus
372 556 401 608 et
417 553 610 628 pertractatas
632 558 681 601 res
704 537 872 600 ιιιιιιιιιιιιεὁ
898 534 1024 609 trabere,
1051 531 1121 593 nihil
1144 531 1302 611 admirari,
1325 553 1404 616 quum

233 654 390 732 acciderit,
416 653 503 730 nihil,
528 662 684 732 antequam
707 647 860 722 evenerit,
885 666 943 706 non
967 642 1088 705 evenire
1107 661 1195 724 posse
1218 641 1366 704 arbitrari.

276 767 459 845 Quamobrem
476 767 586 833 imeres,
611 781 696 838 quum
712 761 851 817 eerriudee
867 777 913 815 res
930 765 999 813 aaa!
1013 758 1160 824 retireme,
1187 765 1245 812 tem
1261 753 1386 813 eradereme

276 879 420 938 Medt'tdri
438 894 530 931 serrem
551 876 683 949 opereat,
708 891 763 947 quo
782 879 868 945 pecte
891 868 1042 923 ddeoraem
1064 869 1231 923 eerrrntmim
1245 865 1356 944 seram

280 989 412 1056 Pericle,
439 988 540 1043 demna
558 983 683 1060 peregre
704 981 816 1037 rediens
838 978 948 1053 semper
969 996 1062 1033 recem
1084 977 1209 1051 cogitet,

281 1102 344 1156 Aut
357 1097 417 1177 fili
433 1103 598 1172 peceatum,
623 1093 675 1148 erit
695 1091 795 1148 erroris
817 1091 951 1156 mortem,
976 1094 1028 1143 eut
1047 1084 1173 1142 morbum
1187 1085 1290 1163 filare,

282 1208 444 1266 Commr'mie
463 1224 524 1262 esee
541 1204 628 1271 deec,
653 1200 689 1258 ed
705 1200 774 1278 pierii
788 1199 887 1256 ierem
906 1215 1035 1273 umquem
1056 1195 1279 1253 occideremini
1297 1215 1403 1266 norem,-

282 1317 426 1393 Oue'epaid
442 1323 560 1391 praeter
579 1330 655 1388 apem
678 1310 805 1378 eamme,
831 1327 910 1365 omne
932 1307 963 1363 e'd
982 1307 1119 1382 deprecere
1140 1324 1201 1364 eree
1222 1309 1255 1365 e'n
1279 1307 1367 1363 lacre.

324 1420 399 1485 XV.
434 1429 489 1484 et.
514 1417 597 1502 Ergo
614 1418 668 1480 hoc
685 1416 880 1480 Tarentinae
896 1411 1077 1498 philosophia
1090 1423 1238 1497 sumptum
1254 1436 1342 1497 quum
1355 1424 1406 1477 tam

243 1532 393 1597 commode
409 1531 535 1610 dixerit,
559 1549 631 1605 nos,
657 1548 673 1588 e
691 1547 813 1610 quorum
831 1524 959 1587 teretibus
975 1524 1002 1586 id
1018 1524 1151 1586 haustum
1168 1534 1227 1601 cst,
1252 1546 1312 1587 non
1328 1535 1356 1587 et
1369 1524 1407 1587 ti-

243 1664 343 1707 cemus
359 1643 414 1703 hee
431 1640 550 1715 melius,
575 1648 606 1699 et
619 1636 802 1698 constantius
823 1634 1008 1696 sctttiemes?
1052 1631 1109 1695 Hic
1127 1644 1173 1697 cst
1192 1631 1271 1696 euim
1289 1635 1335 1697 itte
1351 1634 1406 1697 rul-
1443 1717 1444 1720 Ἴ

242 1763 290 1813 tres
316 1769 433 1831 semper
454 1748 548 1823 idem,
582 1763 666 1826 quem
685 1743 791 1804 dieitur
809 1741 984 1827 Xanthippe
1000 1744 1171 1827 praedicare
1200 1744 1286 1805 sedita
1304 1745 1408 1806 inviro

241 1879 296 1922 suo
316 1858 405 1919 inisse
423 1853 567 1931 Socrate,
598 1854 702 1916 eodem
726 1872 844 1936 semper
867 1852 1027 1917 sevidisse
1045 1863 1204 1916 exeuntem
1230 1853 1311 1917 ilium
1329 1855 1407 1916 dome

310 1998 327 2050 4
344 2000 403 2048 Ern.
419 2015 440 2047 c.
457 1996 542 2063 peucia
559 1995 633 2047 codd.
651 2002 804 2059 praeceptor:
822 1994 916 2045 coinel
932 1994 1151 2057 additnmpem'tee
1167 2014 1272 2063 prorem
1287 2006 1406 2063 repugnet

243 2069 260 2118 5
277 2067 319 2117 Sic
337 2069 367 2116 ι).
385 2075 410 2113 et
427 2063 501 2115 codd.
515 2064 544 2116 Β.
562 2062 627 2114 Gnd.
639 2064 660 2113 1.
680 2062 743 2115 tet.
762 2068 824 2128 aug.
839 2062 919 2112 Marb.
936 2062 1016 2113 uene.
1033 2063 1140 2114 vindi.
1157 2064 1279 2125 Moe.‘l.;
1296 2068 1356 2115 dum.
1367 2079 1405 2116 ree
1434 2074 1437 2081 '

243 2139 286 2187 Or.
304 2153 325 2184 c.
343 2133 408 2198 vulg.

243 2236 393 2286 inseruntur.
412 2234 441 2281 ι’.
456 2234 552 2282 i'ereeli.
568 2231 644 2282 Thea.
658 2231 714 2280 Lat.
730 2247 753 2281 v.
769 2244 817 2280 tae·
894 2234 1062 2301 Quamobrem]
1077 2236 1141 2283 Sunt
1153 2232 1297 2285 tetrametn'
1311 2231 1404 2293 iambici,
1443 2287 1444 2292 ,

244 2305 340 2353 ditetur.
375 2302 480 2358 Caussa,
508 2316 551 2348 ectr
572 2297 724 2365 deponentia
741 2314 817 2364 caepe
843 2301 981 2350 eTcreet.
1000 2301 1100 2351 Pharna.
1117 2303 1147 2369 ιι.
1164 2304 1197 2365 1,
1217 2304 1268 2353 lle
1287 2319 1311 2368 q.
1334 2298 1403 2367 petiti,

245 2367 313 2437 apnd
322 2378 418 2419 veteres
428 2365 562 2433 scriptores
574 2365 671 2433 passive
683 2376 817 2431 ponantur,
843 2381 893 2416 noe
909 2367 941 2416 ad
957 2367 1058 2417 verbum
1074 2379 1173 2428 umen,
1199 2368 1245 2419 aad
1259 2369 1276 2418 li
1296 2369 1363 2419 erim.
1377 2394 1402 2405 -

245 2438 272 2489 ie
287 2454 318 2487 eo
334 2433 475 2505 quaerenda
490 2444 536 2493 eat,
553 2433 721 2500 qnodeorum
736 2432 819 2483 somna
843 2437 955 2501 Sequene
971 2438 1084 2497 deputare
1120 2436 1197 2487 endet
1213 2436 1246 2487 ab
1263 2443 1356 2499 opertet.

245 2505 329 2554 activa
353 2501 460 2570 anitiquis
481 2500 638 2567 temporibus
656 2500 681 2549 in
700 2517 743 2549 usu
763 2500 819 2551 fnit.
897 2502 956 2551 Cae.
971 2504 1029 2552 XV.
1055 2506 1078 2570 ᾗ.
1094 2505 1099 2517 ’
1114 2506 1134 2554 l.
1168 2508 1232 2568 Erae
1247 2532 1281 2543 -
1296 2519 1405 2567 qaum-

247 2573 327 2635 Supra
343 2590 365 2620 c.
378 2573 414 2628 ιι,
428 2565 475 2621 ἰιι
493 2568 617 2635 appetitio
632 2570 722 2631 opinati
736 2568 819 2634 magni
844 2571 941 2635 dixerit]
969 2570 1147 2636 Exepectamue
1164 2588 1195 2620 ex
1212 2571 1325 2637 degitimo
1341 2570 1404 2620 Cice-

245 2636 314 2685 boni.
341 2639 381 2686 iV.
398 2639 423 2691 o.
441 2636 484 2687 ll:
502 2640 605 2697 opinetir
620 2635 701 2684 bonis.
735 2638 766 2684 m
783 2635 820 2685 ric
844 2635 912 2687 tonia
927 2653 987 2693 nau,
1005 2654 1078 2704 quem
1095 2636 1127 2687 ad
1143 2639 1174 2690 Ιι.
1193 2638 1230 2697 17,
1245 2640 1289 2691 39.
1306 2638 1405 2687 idinetra·

245 2720 320 2767 saepe
335 2703 458 2751 adiectira
473 2702 511 2758 ri5
529 2701 561 2751 de
576 2702 819 2768 pamivedictoepe'·
844 2703 936 2752 nimae:
963 2707 1026 2767 Erpa
1041 2704 1091 2756 hoc
1107 2710 1227 2756 Terentiae
1243 2712 1339 2757 -tent
1351 2718 1404 2755 coat-

245 2775 329 2819 netmn
344 2774 373 2818 ιιι
388 2786 409 2817 c.
421 2766 464 2826 m,
477 2769 518 2818 5ιι.
534 2786 557 2815 v.
574 2768 638 2818 adn.
660 2770 689 2818 V.
699 2773 819 2820 Ruhnken.
844 2774 913 2820 mode
925 2772 990 2833 dicit,
1007 2788 1145 2823 nee-eon
1161 2803 1184 2811 -
1194 2776 1317 2825 dicemur?
1349 2772 1405 2821 Hine

248 2836 339 2885 Dictat„
363 2834 388 2883 in
405 2836 506 2884 Terent
525 2833 668 2885 Phormion.
687 2838 717 2885 ΙΙ.
736 2835 762 2895 Ι,
782 2841 819 2889 te.
844 2838 952 2887 Woliina
969 2838 995 2887 in
1013 2838 1053 2891 ed.
1073 2841 1093 2891 Ι.
1113 2840 1226 2890 voculam
1243 2856 1329 2904 quam,
1351 2854 1405 2905 qnae

246 2906 386 2953 eumenen.
411 2902 466 2951 Lat.
484 2901 595 2950 Gramm.
614 2901 691 2971 §.57-
716 2902 777 2952 Not.
799 2905 820 2955 Ι.
845 2904 916 2954 abeat
931 2924 946 2955 a
961 2906 1018 2957 cod.
1034 2908 1090 2956 Ura.
1107 2924 1157 2957 uuo
1166 2910 1212 2957 Ox.
1228 2920 1256 2957 et
1266 2907 1349 2965 dterb„
1363 2924 1405 2957 ue·

245 2973 350 3023 Kdiner.
366 2972 386 3036 i.
405 2968 458 3019 ιιιὸ.
475 2968 537 3018 Νοι.
551 2969 575 3018 ὁ,
846 2972 881 3023 eie
898 2973 990 3039 sepsit,
1011 2973 1173 3040 Dariainrque
1190 2974 1266 3041 piane
1283 2973 1377 3025 dederit.

297 3036 421 3103 nimirem]
440 3036 472 3084 ιι.
482 3052 504 3085 c.
522 3033 572 3085 noli
587 3034 684 3096 mirari,
702 3036 820 3103 profecto
896 3046 916 3089 et
932 3043 1037 3091 dicemur
1054 3044 1097 3092 hoe
1113 3045 1211 3105 melier,
1238 3049 1260 3093 et
1276 3044 1406 3093 maeotim

247 3106 310 3157 hacc
325 3117 363 3155 eet
379 3104 420 3153 itta
435 3102 565 3170 rapientia.
589 3105 618 3154 V.
635 3104 668 3154 ad
686 3104 703 3154 Ι.
718 3104 760 3167 Ἄ),
777 3104 818 3157 5‘2.
843 3109 978 3174 rentiemae]
995 3110 1032 3158 De
1046 3108 1213 3159 collocatione
1222 3110 1406 3161 verbenacae

296 3176 356 3223 ninii
368 3173 498 3235 admirari]
525 3170 648 3238 apposite
664 3174 760 3222 Neidiur
777 3184 820 3223 at·
843 3178 903 3224 taine
917 3186 1046 3240 comparet
1061 3176 1093 3226 dc
1107 3180 1166 3226 See.
1184 3177 1203 3235 1,
1218 3176 1249 3229 3:
1266 3176 1311 3227 aed
1324 3176 1355 3225 de
1367 3190 1404 3225 ee·
1427 3236 1431 3243 .

247 3238 305 3287 tulit
322 3237 384 3286 ittud
398 3239 561 3288 Horatianum
577 3238 601 3287 in
620 3240 697 3306 Epiet.
716 3240 736 3289 1.
750 3236 775 3299 6,
790 3242 800 3290 1
812 3257 817 3287 :
843 3240 904 3290 teria
921 3248 942 3291 et
959 3245 1064 3294 diximus
1079 3247 1155 3294 mette
1171 3250 1193 3294 et
1210 3247 1397 3306 remediante

279 3307 318 3353 aa
334 3306 452 3354 edocuere·
467 3322 547 3372 prope
560 3322 600 3355 ree
617 3317 656 3356 eet
674 3322 736 3367 una,
762 3307 818 3357 Nu·
895 3311 939 3358 Hie
955 3316 988 3359 ert
1004 3314 1077 3375 arim]
1104 3315 1174 3361 Enim
1196 3312 1281 3362 reddit
1296 3311 1406 3363 rationu

651 3373 718 3435 mici,
843 3375 974 3426 verboram
991 3382 1135 3428 eonrmntim
1149 3383 1284 3431 sentientur.

279 3434 396 3503 Solaque,
408 3454 478 3504 quea
492 3439 572 3506 poerit
587 3438 671 3491 iacere
683 3450 708 3491 et
719 3458 819 3492 eernere
893 3447 972 3494 under
984 3459 1075 3507 semper
1086 3448 1149 3495 idern
1156 3482 1164 3507 ‚
1180 3446 1263 3514 quem]
1280 3444 1367 3497 Aeliae.
1378 3442 1405 3493 V.

651 3509 759 3558 beatum.
843 3510 875 3559 ιι.
889 3511 936 3571 tx,
951 3510 981 3563 7:
993 3505 1103 3578 Ἔλεγεν
1119 3509 1139 3578 η’
1154 3509 1307 3580 Ξανθίππη,
1322 3510 1406 3580 μιριιιι

242 3571 307 3621 aaa
322 3571 441 3620 edmtreri
463 3580 502 3619 eat
522 3573 589 3623 nuile
607 3590 649 3635 re,
675 3575 728 3624 aive
753 3575 818 3625 iacta
843 3579 989 3645 μεταβολῶν
1011 3576 1058 3643 τήν
1077 3576 1149 3632 πόλιν
1166 3581 1362 3649 manupretium,
1385 3575 1406 3631 dr

242 3635 295 3684 aive
317 3634 398 3696 trieti,
425 3636 586 3687 vehementer
609 3638 685 3690 affici.
728 3641 767 3691 Gi.
785 3644 817 3692 V.
841 3642 936 3704 πάσαις
968 3638 1094 3711 ὅμοιον
1127 3644 1164 3699 td
1194 3646 1407 3715 Zotapdteat

242 3699 351 3761 mat.
841 3728 861 3762 r.
888 3710 1017 3771 όςωιιοιι
1036 3712 1094 3765 και
1110 3712 1407 3779 προῖόντιςίιιτῆι

291 3784 339 3819 nen
351 3766 532 3847 commaneret]
548 3770 748 3820 recreatarum
763 3788 818 3822 ease
842 3728 956 3838 eiectae
981 3779 1041 3832 και
1063 3777 1269 3843 ἐπανιόντος
1292 3778 1334 3835 riti
1353 3779 1410 3835 θιᾶπ

242 3846 315 3907 putet
337 3852 384 3903 pro
404 3848 494 3884 emarre
508 3850 556 3885 nen
571 3850 639 3898 petre
661 3837 694 3886 ob
713 3847 817 3888 antece·
843 3842 912 3894 σθαι.
936 3847 1010 3896 Offic.
1028 3847 1168 3912 1.‘to‚9o:
1187 3848 1408 3915 puer-lemque«

242 3906 304 3957 dene
320 3907 394 3965 emet,
415 3901 448 3952 ad
466 3901 533 3969 quod
551 3903 651 3969 negatio
673 3922 719 3955 non
742 3923 814 3971 qnam
840 3911 1002 3975 aequabilitas
1016 3913 1042 3963 in
1057 3915 1125 3964 omni
1142 3913 1193 3964 rite
1209 3926 1236 3965 et
1250 3918 1314 3967 idem
1328 3928 1409 3977 sem

242 3973 355 4039 proxime
378 3970 405 4020 aa
428 3970 554 4037 applicare
578 3968 666 4022 soleat.
711 3973 815 4025 Failitnr
838 3980 914 4027 uottae
924 3983 1050 4043 eodemque
1059 3985 1134 4043 freae,
1149 3992 1176 4030 ut
1187 3981 1220 4033 de
1228 3985 1334 4033 Socrate
1342 3982 1408 4031 itere·

242 4039 280 4087 tir
297 4041 386 4089 doctius
404 4038 586 4106 permiscetque
611 4056 666 4089 cem
689 4041 738 4091 hoc
756 4042 813 4092 ioco
841 4062 888 4112 que
902 4045 934 4094 de
948 4048 975 4097 C.
986 4048 1074 4099 Laelio
1085 4049 1242 4115 accepimue:
1260 4050 1303 4101 ubi
1317 4068 1339 4101 r.
1352 4062 1408 4117 quae

241 4119 293 4160 rer.
307 4105 332 4152 in
349 4106 436 4170 quibua
452 4108 575 4168 ethtlnon,
588 4121 654 4156 nemo
669 4123 713 4157 non
729 4126 775 4173 pro
791 4127 813 4159 r.
841 4112 916 4162 etiem
931 4116 999 4163 Beier
1016 4131 1041 4180 p.
1051 4116 1109 4167 tut.

241 4173 330 4229 cointe,
344 4186 423 4221 ornnes
440 4171 539 4222 dicitnr.
565 4174 622 4223 Hoc
640 4184 723 4223 autem
741 4192 814 4242 quem
890 4183 969 4230 eodem
981 4196 1104 4244 temperer
1116 4186 1214 4250 uidere]
1228 4182 1332 4235 averte
1339 4194 1409 4245 um·

239 4250 306 4282 nuuc
322 4251 396 4299 quum
418 4239 524 4289 maxime
538 4250 674 4290 tractamur
690 4240 747 4290 loco
765 4261 814 4292 ue-
837 4248 918 4297 dieere
934 4247 1084 4299 eliciendum
1099 4262 1137 4300 cet
1154 4250 1245 4317 pertici
1263 4249 1270 4263 ⁸
1324 4249 1410 4299 MS·

238 4299 307 4366 patio
322 4317 373 4349 nen
389 4300 422 4349 ad
436 4318 518 4365 poree,
536 4307 580 4354 aed
596 4306 629 4355 ed
645 4311 735 4357 euenim
752 4326 811 4373 per·
839 4312 878 4362 Cf.
896 4314 929 4362 ed
947 4332 968 4364 c.
979 4316 1029 4377 31,
1048 4316 1089 4369 76·
1124 4321 1233 4369 Kteteitre
1285 4332 1315 4367 eo
1337 4314 1410 4367 verbe

238 4370 310 4416 t'nct.
346 4366 410 4446 Nem
427 4368 464 4434 τῷ
482 4374 611 4447 mediam
626 4375 763 4440 opponitur
781 4374 811 4430 τὸ
837 4377 991 4446 desideriam
1005 4383 1210 4435 antecedentiam
1224 4382 1411 4436 aaeaittimet

238 4432 275 4501 μή
301 4436 444 4501 συμβηιιαι,
472 4445 507 4483 utt
526 4440 570 4495 ιιι,
590 4438 636 4490 3ιι
663 4440 724 4490 nihil
750 4459 810 4506 ease,
837 4456 894 4495 eta
916 4452 1056 4509 praedicere
1073 4456 1143 4502 solite
1161 4452 1284 4519 pendere.
1319 4454 1411 4504 Sidete·

236 4500 305 4570 quod
320 4518 367 4552 nen
381 4503 486 4553 occidere
499 4504 586 4568 possit.
614 4508 643 4557 V.
660 4522 704 4556 noa
723 4509 748 4558 in
766 4511 809 4560 Gr.
837 4516 902 4574 bare.
917 4514 949 4562 ad
963 4533 999 4567 ur.
1013 4518 1145 4583 proarch.
1158 4526 1236 4587 poete
1246 4520 1329 4582 V,ll·
1343 4516 1410 4586 padi·

235 4571 265 4622 L.
283 4574 306 4641 ᾗ.
322 4569 377 4623 133.
397 4569 458 4619 Nor.
468 4569 493 4623 7.
835 4594 882 4644 per
898 4583 1074 4634 attractionem
1100 4586 1167 4637 hune
1190 4587 1276 4638 locum
1295 4586 1409 4657 scriptun
