2888 5512
234 308 257 373 6
692 320 955 374 rnosrconsns.

322 445 577 520 Quemadmodum
595 455 693 505 autem
710 444 828 524 sapiens
850 443 988 522 corporis
1007 441 1127 501 dolores
1143 441 1262 500 ratione
1281 442 1417 522 compri-

240 565 320 605 mere
340 555 371 607 et
391 545 512 607 domare
529 547 631 621 dehet,
661 568 697 606 ne
715 547 756 606 eis
774 547 915 605 turbetur
935 543 1017 603 vitae
1032 542 1217 618 munientis,
1243 543 1288 601 ita
1305 562 1420 603 sumna

241 666 298 726 ope
314 647 371 707 niti
387 648 491 723 debet,
511 660 548 709 ut
564 649 679 710 animus
692 646 838 708 liberetur
853 646 1011 706 doloribus
1024 645 1130 719 animi,
1152 645 1172 705 i.
1186 665 1212 704 e.
1228 645 1419 723 aegritudine

242 749 425 827 reliquisque
437 751 528 809 animi
541 750 832 830 perturbationibus.
869 746 960 821 Quod
973 746 1125 825 quomodo
1140 746 1217 806 effici
1231 758 1340 825 posset,
1361 747 1418 807 ds-

242 861 410 921 monstrare
424 862 549 911 conatus
562 863 606 913 est
618 853 696 912 libro
712 852 804 911 tertio
818 860 848 909 et
861 858 980 927 quarto,
1003 848 1163 925 etquidem
1178 847 1216 907 de
1230 848 1420 927 aegritudine

241 953 400 1030 separatim
422 953 603 1033 disputavit,
624 953 695 1032 quia
715 954 748 1012 in
769 973 803 1011 ea
824 961 868 1011 est
887 950 1074 1009 miseriarum
1095 951 1164 1009 lons
1185 959 1215 1008 et
1236 960 1340 1030 caput.

325 1054 390 1113 Tali
411 1055 501 1115 modo
518 1056 638 1115 remotis
655 1054 807 1129 omnihus,
829 1073 906 1131 quae
920 1052 1045 1111 turbent
1062 1051 1152 1109 enimi
1173 1053 1373 1111 corretarstiam
1387 1063 1419 1113 et

242 1155 501 1233 tranquillitatem,
523 1158 556 1216 in
580 1177 638 1235 qua
656 1156 720 1216 vita
744 1157 829 1216 beata
845 1155 942 1233 posita
960 1162 1018 1228 cst,
1048 1153 1104 1212 toti
1122 1152 1324 1231 disputationi
1348 1163 1417 1212 tan·

243 1273 331 1330 quem
347 1258 484 1317 cumulus
499 1259 614 1319 accedit
631 1259 706 1318 liber
723 1258 856 1336 quintus,
878 1256 929 1335 qui
945 1264 989 1314 est
1003 1255 1134 1313 omnium
1151 1253 1372 1333 pulcherrimus
1388 1265 1419 1315 et

242 1357 456 1418 sententiarum
472 1361 608 1421 ubertate
623 1360 828 1440 gravissimus,
856 1377 917 1436 quo
934 1356 1119 1430 ostenditur,
1140 1356 1285 1416 virtutem
1303 1376 1335 1417 se
1354 1357 1418 1436 ipsa

242 1467 411 1519 contentam
433 1481 495 1522 esse
514 1463 552 1522 ad
575 1462 668 1522 vitam
689 1458 857 1539 heataml).

314 1623 348 1687 V.
393 1626 448 1689 De
465 1626 628 1711 tentibus,
650 1625 762 1710 peribus
788 1623 906 1689 (ticon
927 1643 1002 1688 unse
1023 1632 1071 1689 est
1092 1626 1127 1687 in
1152 1622 1355 1690 Tusculanis.

328 1761 433 1822 Cicero
453 1763 676 1843 philosophiam
695 1783 777 1822 snam
796 1763 914 1822 duxite
930 1764 1115 1822 Graecorum
1131 1762 1280 1837 lontibus,
1303 1773 1333 1823 et
1348 1762 1416 1842 qui·

244 1859 309 1919 dem
323 1862 356 1921 in
370 1866 548 1940 moralibus,
572 1875 712 1944 utsupra
729 1865 1013 1937 demonstravimus,
1035 1863 1191 1922 maximam
1205 1875 1321 1943 partem
1336 1864 1417 1924 Stoi-

244 1982 349 2023 corum
365 1967 497 2046 vestigiis
512 1969 664 2051 ingressus
679 1977 733 2026 est.
764 1968 814 2025 Sic
827 1967 1012 2025 Tusculanae
1023 1964 1247 2044 Disputationes
1264 1976 1346 2026 totae
1359 1967 1422 2027 tera

244 2078 473 2129 meneverunte
490 2071 663 2129 Stoicorum
675 2069 821 2129 lontibus.
862 2069 895 2127 ln
910 2068 1009 2147 primo
1025 2076 1124 2125 autem
1138 2066 1233 2141 libro,
1256 2069 1309 2145 qui
1326 2076 1370 2127 est
1382 2066 1420 2127 de

244 2171 458 2231 contemnende
480 2183 588 2248 morte,
616 2173 681 2232 susc
699 2172 787 2234 etiam
803 2180 893 2248 atque
909 2170 1027 2248 copiose
1046 2168 1248 2248 pertrectavit
1265 2168 1364 2229 locum
1383 2169 1420 2229 de

244 2270 413 2349 animorum
429 2272 667 2335 immortalitate:
694 2294 780 2352 quem
798 2292 891 2351 paene
909 2282 1007 2330 toturn
1023 2291 1061 2331 ex
1076 2270 1201 2328 Platone
1216 2270 1346 2350 petivit,
1367 2270 1419 2349 qui

243 2370 364 2432 medan
378 2373 545 2433 doctrinam
559 2376 592 2434 in
607 2375 813 2453 compluribus
827 2374 957 2453 scriptis,
978 2373 1025 2432 uti
1040 2371 1186 2446 Phaedro,
1209 2372 1346 2447 Menone,
1365 2372 1419 2432 Ti·

244 2491 338 2543 meeo,
366 2473 480 2533 decimo
500 2475 578 2534 libro
600 2476 636 2534 de
656 2476 835 2554 Republica,
864 2485 1036 2553 persecutus
1060 2484 1118 2544 eat,
1149 2474 1276 2532 maxime
1297 2473 1419 2533 veroin

243 2571 411 2635 Phaedone.
456 2577 488 2635 ln
508 2577 639 2636 secundo
662 2575 754 2649 libro,
778 2576 831 2653 qui
851 2577 913 2655 egit
930 2574 966 2635 de
988 2575 1146 2635 tolerando
1171 2574 1293 2646 dolore,
1320 2574 1420 2635 multis

244 2675 382 2752 partibus
399 2678 533 2755 Stoicos,
555 2680 664 2739 tacitus
683 2688 797 2752 temen,
818 2688 937 2736 secutus
954 2679 1086 2737 videtur.
1131 2678 1164 2736 ln
1182 2678 1276 2735 tertio
1295 2677 1376 2737 libro
1392 2687 1422 2737 et

244 2787 354 2853 quarto
372 2787 488 2839 tantum
506 2801 568 2840 non
583 2781 681 2840 omnia
697 2800 712 2838 e
726 2780 898 2838 Stoicorum
913 2782 1047 2839 lontibus
1062 2779 1177 2854 hausit,
1197 2779 1229 2836 in
1243 2778 1350 2858 primis
1365 2800 1419 2839 au·

245 2887 329 2938 ctore
348 2900 420 2940 usus
437 2892 481 2941 est
498 2883 671 2963 Chrysippo
677 2903 686 2958 ;
707 2881 758 2939 sed
779 2881 810 2939 in
828 2881 920 2940 tertio
938 2882 1040 2941 multis
1056 2882 1129 2941 locis
1146 2880 1320 2956 Crantoris,
1344 2882 1421 2941 dca-

244 2979 365 3059 demici,
391 2980 461 3064 περὶ
478 2981 614 3055 πένθους
631 2984 743 3042 librum
759 2982 903 3042 imitando
918 2984 1074 3062 expressit.
1117 2984 1150 3041 ln
1165 2983 1273 3059 quinto
1288 2982 1369 3042 libro
1386 3004 1423 3043 ex

244 3081 382 3160 Platone,
404 3087 576 3162 Aristotele,
598 3086 824 3165 Theophrasto,
847 3086 1029 3160 Xenocrate,
1050 3085 1232 3164 Speusippo,
1255 3082 1422 3157 Polemone,

245 3190 275 3243 et
295 3204 370 3243 vero
391 3189 480 3247 etiam
501 3209 517 3248 e
538 3190 709 3249 Stoicorum
730 3187 818 3248 libris
840 3186 1006 3247 doctrinam
1027 3207 1110 3246 snam
1132 3186 1223 3244 duxit
1233 3184 1273 3266 ⁶).

330 3286 361 3343 ln
382 3301 528 3366 quattuor
545 3295 659 3368 primia
674 3290 910 3351 Tusculanarum
927 3289 1028 3364 libris,
1050 3290 1130 3350 utin
1149 3287 1214 3346 aliis
1232 3288 1268 3347 de
1283 3287 1423 3366 philoso-

242 3385 316 3465 phia
330 3389 465 3467 scriptis,
488 3390 567 3451 hanc
580 3394 611 3451 in
625 3392 804 3478 adhibendis
821 3393 941 3451 Graecis
958 3390 1146 3470 philosophis
1163 3399 1284 3449 secutus
1300 3392 1423 3450 videtur

243 3487 406 3565 rationem,
428 3502 465 3553 ut
477 3513 571 3553 unum
588 3494 775 3572 potissimum
791 3513 877 3568 quem
890 3502 1064 3569 sequeretur
1082 3501 1249 3566 auctorem,
1272 3492 1433 3574 Chrysip·-

244 3609 334 3667 pum,
355 3593 394 3650 oh
408 3594 511 3652 oculos
529 3592 651 3651 haberet
670 3603 699 3651 et
714 3594 753 3650 ed
767 3612 834 3651 eum
849 3612 936 3650 suurn
954 3593 1090 3652 imitandi
1108 3594 1242 3653 studium
1259 3614 1422 3674 compone·-

243 3698 300 3766 ret,
324 3711 378 3750 nec
392 3701 489 3752 tamen
503 3711 569 3753 eum
590 3703 793 3768 converteret,
815 3693 865 3752 sed
882 3715 919 3752 ex
937 3695 1001 3753 eius
1017 3696 1171 3754 sententiis
1188 3706 1278 3773 atque
1295 3696 1424 3757 decretis

245 3801 362 3851 tantum
382 3793 545 3871 delibaret,
572 3804 716 3880 quantum
732 3795 769 3854 ed
786 3816 848 3854 rem
866 3818 900 3855 ec
917 3797 1072 3856 consilium
1092 3818 1178 3856 suum
1203 3799 1329 3858 niaxime
1345 3819 1420 3858 eon-

244 3895 324 3954 ferre
341 3896 506 3957 videretur.
551 3899 651 3977 Neque
666 3908 796 3972 ceteros,
828 3899 881 3976 qni
895 3898 973 3959 idern
989 3909 1195 3978 argumentum
1213 3909 1420 3978 pertractave-

245 4009 335 4075 runt,
357 4020 483 4079 prorsus
498 4000 625 4079 neglexit
632 4023 641 4076 3
669 4000 735 4075 setl,
766 4021 841 4079 quse
858 4001 888 4060 in
907 4001 1032 4081 singulis
1048 4003 1137 4061 rebus
1154 4003 1191 4060 nb
1209 4002 1246 4060 iis
1262 4002 1419 4081 elegentis-

243 4097 316 4159 sime
339 4112 425 4179 erpnt
443 4101 650 4181 aptissimeque
669 4103 838 4183 disputata,
866 4104 968 4182 elegit,
999 4124 1074 4181 quae
1098 4115 1195 4162 eutem
1220 4103 1320 4162 minus
1342 4113 1423 4163 recte

244 4198 325 4259 dicte
341 4214 442 4279 erasit,
464 4205 597 4280 notavit,
620 4215 664 4280 et,
686 4205 739 4264 uhi
758 4204 807 4263 ille
822 4225 909 4282 quem
922 4205 1060 4284 sequitur
1074 4215 1180 4265 auctor
1195 4226 1259 4264 rem
1276 4227 1339 4264 non
1351 4206 1421 4264 satis

243 4313 383 4363 accurate
400 4306 561 4369 videbatur
583 4317 673 4391 atque
690 4307 809 4393 copiose
831 4326 996 4385 exponere,
1018 4306 1092 4367 alios
1108 4307 1139 4365 in
1158 4306 1316 4367 consilium
1332 4307 1420 4367 adhi-

244 4404 311 4463 buit
328 4408 491 4485 scriptores
507 4418 551 4483 et,
574 4430 648 4487 quae
667 4409 704 4467 ab
722 4408 775 4466 illo
790 4409 997 4487 praetermissa
1015 4418 1117 4484 erant,
1145 4429 1182 4468 ex
1202 4411 1242 4467 eis
1257 4408 1419 4489 supplerit.

310 4571 337 4637 5)
354 4571 394 4628 (ll.
412 4577 526 4626 llernium
551 4574 567 4626 l.
584 4575 610 4625 d.
648 4573 761 4641 .33aqq.
795 4569 825 4639 h)
843 4574 948 4624 Uberius
965 4575 1031 4625 lnmc
1048 4575 1079 4625 de
1096 4576 1292 4626 'luserilanerum
1310 4574 1422 4627 sonuum

243 4638 328 4690 locum
344 4642 550 4707 pertractavimus
567 4642 592 4693 in
611 4592 676 4693 lihro
693 4641 762 4693 dicto
780 4645 809 4693 dc
825 4645 897 4696 Cicer.
916 4647 941 4693 in
953 4645 1011 4706 plait.
1029 4648 1104 4694 merit.
1122 4660 1147 4708 p.
1167 4643 1209 4693 lll
1223 4643 1322 4697 -116,
