2888 5512
153 294 195 363 31
610 303 871 354 raossconsus.

153 446 203 494 tus
219 429 363 490 amicitiae
380 425 535 485 faciundae
552 444 589 484 ex
604 425 841 503 pulchritudinis
856 425 954 504 specie
976 425 1157 500 definiatur,
1189 445 1257 486 eum
1274 429 1329 488 de-

153 534 233 595 lendi
252 549 353 609 posse3
376 527 422 584 sin
446 536 559 600 autent,
583 537 617 585 ut
631 527 722 605 vulgo
740 537 799 600 est,
822 526 947 586 libidine
963 547 1025 585 non
1043 536 1145 603 vacet,
1167 531 1329 590 suntnihil

152 646 205 695 aut
217 654 277 691 non
292 631 418 689 multum
429 630 527 687 abesse
539 629 575 686 ab
592 628 707 687 insania
722 638 751 686 et
763 628 878 687 idcirco
889 629 978 707 plane
989 629 1201 708 respuendum,
1224 632 1326 691 Cicero

153 737 275 796 iudicat.
305 753 330 790 c.
355 737 407 791 dh.
450 730 576 789 Curatio
605 729 695 789 huius
718 730 965 807 perturbationis.
994 737 1087 792 aas.
1135 728 1169 808 β)
1191 733 1242 790 De
1264 737 1322 795 ira.
1349 800 1353 823 Ι

153 841 199 898 ira
215 833 331 894 insania
354 843 411 906 est,
433 804 470 889 id
486 832 612 910 pessima
630 851 764 908 quaeque
781 831 895 910 flagitia
912 832 1061 910 patranda
1075 832 1194 891 idonea.
1238 834 1322 894 lratis

151 941 244 1019 igitur
255 934 449 995 subtrahendi
464 943 536 992 sunt
552 933 590 1007 ii,
613 933 644 990 in
661 953 736 1010 quos
750 933 892 1012 impetum
909 943 1060 993 conantur
1076 935 1187 1008 faeere,
1210 934 1280 994 dum
1295 956 1323 996 ae

151 1041 209 1120 ipsi
227 1038 377 1116 colligant
399 1056 424 1094 c.
445 1039 496 1095 36.
542 1035 587 1093 lra
603 1035 698 1111 igitur
716 1055 777 1093 non
796 1045 895 1113 potest
914 1055 974 1094 esse
993 1035 1076 1095 utilis
1095 1044 1148 1094 sut
1162 1038 1322 1113 naturalis;

151 1145 240 1202 immo
261 1138 421 1216 opinabilia
443 1147 487 1195 est
507 1156 542 1195 ac
562 1136 746 1195 voluntaria.
769 1157 794 1194 c.
816 1141 869 1196 37.
890 1134 921 1215 ᾗ.
942 1142 994 1196 79.

234 1263 260 1299 c.
304 1241 405 1316 ltaque
424 1249 459 1297 ut
474 1238 717 1316 perturbationes
740 1237 832 1295 arrimi
851 1257 889 1295 ex
911 1257 1016 1296 errore
1037 1247 1067 1296 et
1088 1239 1161 1298 salsa
1182 1241 1321 1319 opinione

150 1346 307 1439 oriQtur5
329 1341 371 1399 ita
386 1340 563 1414 constantia,
585 1340 625 1397 eis
637 1339 806 1412 contraria,
828 1338 948 1397 scientia
966 1340 1087 1398 nititur.
1102 1372 1146 1385 -
1188 1342 1252 1416 Qui
1266 1363 1319 1402 au-

1342 1120 1360 1163 4

148 1456 208 1507 tem
224 1454 332 1502 natura
349 1443 387 1500 ad
403 1442 476 1500 vitia
494 1441 637 1518 quaedam
658 1442 807 1519 proclives
825 1452 911 1514 aunt,
935 1451 1031 1500 tamen
1045 1461 1150 1500 eorum
1167 1444 1259 1503 animi
1272 1465 1319 1504 aa·

149 1547 354 1607 nabilessunt.
383 1543 726 1621 llxemplumb'ocratia.
769 1542 831 1615 Q'ui
844 1554 941 1600 autem
955 1564 1016 1601 non
1028 1553 1148 1618 natura,
1169 1545 1223 1604 sed
1235 1546 1320 1626 culpa

148 1648 250 1709 vitiosi
270 1654 357 1717 suut,
389 1663 493 1701 eorum
512 1644 583 1702 vitia
602 1643 718 1703 facilius
736 1643 835 1703 sanari
854 1654 995 1721 possunt,
1023 1645 1165 1725 quoniam
1185 1657 1321 1707 coustant

148 1748 259 1808 esalsis
283 1745 478 1823 opinionibus
499 1764 600 1802 rerum
618 1744 765 1802 bustarum
784 1754 814 1802 et
831 1745 988 1819 malarum,
1014 1747 1196 1807 inveteratio
1217 1760 1320 1825 auten,

147 1860 183 1908 ut
194 1850 226 1907 in
242 1845 436 1924 corporibus,
457 1845 575 1923 aegrius
589 1831 766 1923 depellitur,
789 1856 877 1922 quam
890 1848 1099 1925 perturbatio,
1120 1862 1259 1928 quaeest
1271 1871 1320 1911 re·

147 1949 271 2030 pentina
292 1936 572 2005 animi'commotio.
592 1945 624 2026 ᾗ.
644 1951 697 2008 80.
711 1953 763 2007 81.

231 2050 279 2108 tlt.
299 2051 464 2107 &sunosio
480 2069 586 2107 rursus
599 2068 832 2107 orarursrrosrs.
868 2052 986 2109 Sunaua
1000 2052 1094 2112 totius
1106 2053 1320 2133 disputation'u

147 2152 231 2231 quasi
253 2151 350 2229 capita
369 2160 563 2230 repetunturs
590 2170 690 2209 ornnes
710 2151 953 2229 perturbationes
970 2153 1046 2211 oriri
1068 2175 1106 2212 ex
1129 2155 1277 2233 opinione
1293 2167 1321 2217 et

147 2254 335 2315 voluntarias
349 2271 424 2327 esse;
440 2252 571 2311 omnium
582 2262 680 2311 autem
692 2253 893 2330 gravissimam
905 2274 965 2312 esse
978 2256 1211 2334 aegritudinum
1233 2258 1319 2319 huius

90 2360 93 2371 '
146 2366 244 2415 autem
263 2363 292 2412 et
309 2354 497 2430 reliquorum
518 2354 609 2413 animi
626 2355 800 2413 morborum
817 2375 907 2414 unam
920 2375 980 2415 esse
999 2357 1199 2434 mustiouem,
1222 2380 1318 2419 omues

146 2456 311 2535 opinabiles
326 2474 385 2512 esse
405 2465 434 2512 et
447 2455 637 2513 voluntarias
656 2476 747 2532 eaque
766 2477 799 2514 re
816 2458 941 2536 suscipi,
968 2458 1049 2536 quod
1066 2458 1108 2517 ita
1125 2471 1242 2521 rectum
1260 2481 1318 2521 esse

147 2557 296 2616 videatur.
339 2557 428 2615 Hunc
451 2576 598 2630 errorem,
626 2558 710 2634 quasi
734 2558 862 2617 radicem
886 2559 1032 2619 malorum
1051 2549 1200 2639 omniurn,
1228 2582 1318 2641 quum

144 2657 284 2736 stirpitus
298 2656 488 2735 philosophia
504 2677 535 2716 se
548 2669 752 2718 extracturam
767 2661 959 2738 polliceatur:
982 2661 1085 2721 demus
1105 2683 1159 2722 nos
1176 2663 1251 2724 huic
1263 2685 1314 2724 ex·

145 2758 285 2817 colendos
299 2758 508 2836 patiamurque
522 2780 577 2816 nos
593 2760 692 2818 sanari
707 2762 867 2840 omniaque
881 2763 1052 2822 adiumenta
1068 2774 1098 2824 et
1113 2765 1229 2824 auxilia
1245 2767 1318 2826 bena

144 2860 286 2939 beateque
308 2860 430 2921 vivendi
452 2861 489 2918 ab
511 2880 544 2918 ea
565 2872 710 2939 petamus.
732 2884 758 2921 c.
779 2868 830 2925 38.

628 3116 820 3124 —-———-·—--

217 3294 700 3371 TUSCULANARUM
739 3300 1244 3377 DlSPUTA'l'lONUM

520 3451 935 3516 utsurournrn

624 3600 677 3644 ouo
696 3601 831 3654 uocsroa,

255 3678 293 3722 Αἰ)
307 3679 408 3725 Bssh'l'tl
422 3679 585 3726 vtvtsuottnt
600 3682 767 3728 vlaTu't'ttM
780 3685 818 3729 stt
831 3685 897 3730 ll’SA
911 3687 987 3733 sssstt
1001 3688 1205 3748 0οΝΤΕΝΤΙ1Μ,

576 3792 880 3853 CONSPECTUS.

221 3959 243 4015 l.
286 3959 477 4018 Paoossuusr.
526 3960 608 4019 Nihil
627 3971 671 4020 est
694 3963 842 4038 omnium,
871 3985 946 4043 quae
970 3965 1000 4023 in
1028 3965 1222 4047 philosophia
1243 3980 1309 4029 tn-

136 4065 273 4133 etantur,
302 4062 384 4137 quod
412 4061 535 4139 gravius
560 4063 856 4142 magnificentiusque
884 4067 1017 4141 dicatur,
1047 4088 1136 4145 quam
1165 4071 1310 4131 sententia

135 4154 200 4211 illa:
223 4161 268 4216 ml
283 4162 366 4218 beate
380 4162 547 4219 vivendum
562 4167 706 4221 virtutem
723 4190 754 4223 se
770 4170 842 4245 ι’ρεα
858 4156 922 4226 ease
939 4181 1119 4230 contentam.
1164 4173 1264 4251 Atque
1279 4172 1311 4232 id

136 4263 275 4329 tanquam
290 4277 437 4339 sunnnum
462 4261 671 4341 philosophiae
695 4269 886 4344 propositum
901 4289 962 4329 esse
980 4271 1081 4344 debet,
1113 4281 1148 4329 ut
1164 4274 1310 4334 virtatem

134 4353 282 4426 inveniat,
304 4355 335 4413 in
352 4379 409 4432 qua
429 4363 499 4420 satis
518 4364 556 4422 sit
572 4365 714 4441 praesidii
729 4367 768 4425 ad
784 4369 869 4429 beate
888 4371 1059 4432 vivendum.
1081 4393 1110 4431 ο.
1129 4380 1157 4432 1.
1178 4372 1210 4453 5
1230 4381 1262 4437 1.
1276 4381 1310 4438 2.

136 4455 238 4514 Virtus
258 4465 356 4514 autem
368 4458 396 4514 si
414 4478 446 4518 ea
465 4472 524 4535 est,
553 4483 629 4540 quae
645 4468 761 4543 omnia,
790 4488 866 4545 quae
887 4472 991 4532 cadere
1010 4474 1043 4532 in
1062 4473 1211 4537 homiuem
1232 4495 1308 4556 pos-
