2888 5512
210 691 275 760 356
619 698 743 751 ernau
761 699 804 751 tv.
824 695 869 760 re,
887 693 928 750 tt.
947 696 989 746 aa.

215 829 270 892 tris
286 825 432 911 repulsam
458 820 646 898 consulatus,
677 818 817 901 seriptum
841 816 917 899 apud
939 811 1086 876 Fannium
1109 822 1166 875 est.
1213 809 1277 875 Sed
1300 822 1392 877 maren
1434 798 1437 805 ’

216 938 360 1001 transisse
375 933 492 996 videtur
508 931 642 1006 modum,
668 929 773 1012 qnippe
790 925 840 1009 qui
857 925 893 987 ob
909 944 973 986 earn
998 942 1133 986 caussam
1147 943 1165 984 a
1183 922 1248 984 vita
1262 942 1393 987 recesse-
1430 886 1437 1011 l

216 1047 266 1111 rit.
311 1042 497 1108 Moderatius
510 1040 602 1123 igitur
619 1040 697 1101 [erre
715 1037 825 1099 debuit.
872 1033 972 1118 Quid?
1004 1033 1047 1110 si,
1072 1053 1161 1114 quam
1180 1032 1209 1094 id
1227 1033 1319 1096 lerrct
1333 1053 1389 1097 nro·

217 1158 299 1235 dice,
324 1175 403 1217 mors
417 1153 577 1215 liberorum
596 1148 793 1211 accessisset?
816 1155 884 1207 nata
904 1154 987 1205 esset
1002 1142 1155 1224 aegritudo
1173 1163 1265 1205 unua.
1312 1138 1388 1205 Sed¹

217 1288 253 1331 ea
280 1264 403 1329 nrodica.
449 1259 561 1342 Magna
589 1270 684 1321 tamen
710 1258 784 1318 lacta
808 1266 889 1317 esset
912 1251 1057 1316 accessio.
1112 1248 1215 1332 Quid?
1243 1251 1270 1314 si
1294 1252 1392 1316 deinde

218 1374 337 1440 dolores
353 1391 462 1457 greum
478 1368 622 1452 corporis,
642 1365 667 1430 si
679 1367 823 1428 bouorum
839 1363 971 1442 amissio,
993 1362 1018 1424 si
1034 1361 1176 1440 caecitas,
1197 1362 1223 1424 si
1239 1361 1394 1425 exsiliant
1435 1370 1438 1377 '

220 1484 254 1550 st
271 1506 323 1570 pro
338 1481 463 1566 singulis
481 1479 566 1542 malis
578 1476 776 1561 aegritudines
791 1476 987 1552 accederent,
1011 1493 1126 1535 summa
1147 1491 1183 1534 ea
1200 1471 1298 1552 lieret,
1321 1492 1393 1557 quae

223 1617 281 1659 non
304 1593 513 1657 sustineretur.

306 1698 429 1766 XVlll.
476 1708 529 1764 tt.
554 1696 611 1780 Qui
628 1697 743 1760 moduni
761 1695 849 1779 igitur
862 1693 934 1756 vitio
948 1692 1080 1776 quaerit,
1105 1691 1247 1757 similiter
1260 1693 1347 1771 lacit,
1369 1702 1399 1757 ut

222 1817 248 1879 si
263 1833 350 1899 posse
373 1821 455 1896 putet
467 1830 551 1886 eunt,
571 1806 625 1892 qui
646 1827 679 1869 se
694 1825 711 1869 e
726 1802 858 1869 Leucata
873 1809 882 1847 ¹
909 1801 1164 1888 praecipitaverit,
1190 1802 1339 1867 sustinere
1352 1822 1396 1881 se,

223 1945 312 2009 quum
328 1922 412 1984 velit.
458 1917 499 1984 Ut
516 1918 594 1982 enim
612 1917 640 1979 id
659 1937 718 1979 raon
739 1924 854 1999 potest,
882 1912 926 1975 sic
943 1911 1056 1975 animus
1076 1911 1269 1996 perturbatas
1285 1923 1316 1976 et
1330 1911 1399 1977 iaci-

224 2045 302 2097 tatus
319 2053 374 2095 nec
392 2029 531 2093 cohibere
549 2047 583 2089 se
598 2034 715 2111 potest,
741 2043 814 2100 nec,
845 2043 902 2107 quo
925 2021 991 2085 loco
1008 2021 1088 2100 vult,
1117 2021 1282 2101 insistere3
1310 2022 1399 2085 omni

225 2162 340 2225 requie,
365 2142 465 2223 quae⁸
479 2134 643 2198 crescentia
659 2132 825 2217 perniciosa
841 2141 928 2209 sunt,
954 2131 1056 2193 eadem
1071 2142 1142 2194 sunt
1154 2132 1265 2196 vitiosa
1277 2151 1397 2195 ussoen·

225 2252 277 2316 tia.
322 2257 377 2312 «tt.
411 2245 575 2329 Aegritudo
597 2253 696 2305 autern
722 2251 901 2324 ceteraeque
927 2240 1183 2324 perturbationes,
1213 2241 1398 2327 amplificatae

226 2370 325 2437 certe,
349 2357 507 2442 pestiferae
523 2364 610 2431 sunt3
631 2353 722 2436 igitur
740 2349 829 2414 etiam
847 2361 1004 2436 susceptae
1021 2351 1161 2414 continuo
1184 2351 1332 2435 iumagus
1352 2372 1400 2437 pe·

226 2471 280 2537 stis
299 2478 381 2554 parte
395 2475 565 2530 versantur.
612 2460 731 2523 Etenim
746 2460 828 2544 ipsae
841 2480 876 2524 se
892 2460 1059 2545 impellunt,
1084 2459 1132 2523 ubi
1146 2461 1239 2524 semel
1253 2482 1270 2523 a
1285 2460 1398 2524 ratione

227 2582 389 2644 discessum
408 2586 470 2653 est,
500 2575 621 2658 ipsaque
642 2569 698 2633 sibi
722 2568 906 2633 imbecillitas
922 2568 1053 2653 indulget
1076 2570 1105 2631 in
1131 2570 1278 2654 altumque
1296 2590 1400 2654 prore·

228 2690 307 2750 bitur
322 2684 509 2768 imprudens,
534 2701 589 2743 uec
610 2678 744 2763 reperit³
763 2678 860 2741 locrrm
877 2679 1070 2743 consistendi.
1118 2676 1321 2762 Quamobrem
1333 2680 1399 2743 nibil

228 2799 371 2872 interest,
395 2803 491 2855 utrum
510 2791 676 2854 moderatas
697 2786 936 2873 perturbationes
953 2789 1132 2874 approbent,
1164 2811 1204 2853 an
1226 2792 1399 2855 moderatam

300 2974 355 3022 le.
371 2970 436 3022 Ado.
470 2970 568 3020 xvut.
605 2967 736 3018 liuddo.
768 2963 967 3018 Niobaea.
979 2967 1005 3017 P.
1020 2983 1065 3017 sex
1080 2968 1143 3017 oxx.
1157 2966 1265 3035 aliisque
1279 2984 1327 3035 pro
1341 2966 1400 3033 vulg.

229 3044 340 3091 mnino:
354 3052 475 3102 quornm
492 3052 553 3102 quoe
568 3046 646 3099 etque
659 3051 734 3102 saepe
748 3033 774 3084 in
791 3032 1054 3101 coddpermutantur.
1088 3032 1151 3084 tlt.
1160 3045 1188 3084 et
1197 3035 1284 3085 nuth.
1299 3038 1401 3099 rapport
1439 3110 1442 3123 Ι

229 3154 390 3275 ttulit
410 3153 727 3268 ‘tluttttlttttt
742 3151 803 3267 “lt
827 3149 1297 3281 tlt“,t,s.”lll,tll”a‘¹lit⁰t
1313 3151 1360 3269 3³⁰
1373 3154 1402 3267 i'

230 3257 495 3348 aeoembs03’nonne
523 3282 684 3350 aegritudinis
713 3302 804 3350 magna
829 3288 960 3336 Geraltcrd.
977 3285 1010 3334 ad
1028 3285 1058 3335 de
1076 3289 1134 3334 Sera.
1152 3284 1169 3335 l.
1187 3285 1214 3336 d.
1233 3304 1259 3354 p.
1273 3286 1355 3354 3brq.

231 3361 299 3411 iacta
312 3351 520 3407 esseteccessio?
542 3352 650 3401 Ubinam
664 3369 725 3418 ergo
739 3354 804 3402 luis-
886 3355 1001 3418 haculo]
1028 3353 1069 3402 Sic
1093 3363 1162 3403 recte
1187 3357 1231 3407 Or.
1255 3372 1281 3405 c.
1306 3351 1401 3423 aprinis

230 3424 372 3479 setmodns
386 3418 578 3473 antrerminns?
606 3420 698 3469 Nonne
710 3418 736 3468 ia
748 3436 804 3470 ma·
830 3419 919 3480 codd,
945 3431 972 3469 ut
995 3421 1024 3470 ll.
1042 3420 1069 3470 P.
1085 3421 1144 3471 Vat.
1160 3421 1229 3471 Gnd.
1248 3420 1272 3473 Ι.
1289 3422 1336 3477 ΙΙ.;
1360 3416 1400 3469 ιΙιῖ

230 3498 284 3547 iore
299 3491 442 3545 calamitate
456 3487 531 3540 etism
544 3486 659 3555 grauiore
673 3504 730 3536 enm
745 3504 804 3555 pre-
830 3503 961 3554 perperam
976 3490 1099 3550 Lewcdc,·
1117 3504 1174 3538 nam
1190 3488 1216 3539 la
1230 3487 1247 3538 l.
1261 3487 1400 3567 iatellrpatt-

229 3563 265 3613 mi
282 3578 383 3612 necesse
398 3567 452 3609 erat
466 3553 640 3624 aegritudine?
673 3557 740 3635 Ergo
757 3554 803 3605 ab·
831 3555 889 3604 dum
906 3565 944 3604 ert
961 3554 1160 3621 promontorium
1178 3558 1214 3622 (r.
1232 3554 1313 3606 indic.
1328 3550 1400 3617 brat),

230 3628 332 3679 surdum
349 3636 400 3687 est,
419 3625 521 3675 modum
536 3625 561 3675 in
577 3622 805 3691 perturbationibus
829 3636 880 3672 non
902 3621 976 3679 urbs3
1005 3625 1096 3673 Lamus
1118 3632 1203 3673 aurem
1228 3639 1277 3690 pro
1300 3623 1403 3673 tenna

231 3692 382 3744 constituere
401 3694 474 3743 celle.
507 3695 611 3743 Neidr'us.
650 3691 688 3739 De
712 3687 806 3757 duplici
830 3690 1005 3757 promontorio
1015 3706 1065 3739 non
1077 3700 1220 3757 usurpatur,
1236 3687 1401 3759 nisiapoitis·

231 3758 357 3828 genitivo,
377 3760 417 3808 nni
435 3759 529 3809 nemini
546 3759 648 3817 iuncto,
670 3760 753 3821 fratris
770 3771 806 3808 re·
884 3758 982 3807 lltenr'rn
997 3759 1078 3807 idnon
1092 3757 1182 3873 potestp
1199 3758 1228 3807 V.
1243 3756 1307 3810 adl.
1320 3753 1401 3817 listi-

228 3829 325 3889 prtlsctu
340 3828 490 3888 censuimus,
508 3827 558 3876 iarn
574 3843 649 3892 supra
666 3824 699 3874 ad
717 3825 746 3877 ΙΙ.
766 3825 806 3885 ib,
882 3820 957 3889 Μὰ
974 3828 1046 3887 lpitur
1058 3824 1141 3892 etiam]
1185 3822 1240 3874 .sd
1255 3826 1275 3875 Ι.
1291 3822 1317 3883 6.
1332 3824 1370 3877 ΙΙ.

225 3888 273 3949 ,ὧι
284 3891 399 3942 diximus.
427 3892 523 3941 Deinde
536 3894 717 3944 attendendum
732 3891 806 3942 etiam
882 3895 1004 3954 lnmwno
1016 3892 1313 3957 praepararemur]
1328 3890 1400 3940 (ἴω-

229 3954 265 4007 ss
279 3958 413 4006 verborum
431 3958 636 4019 collocationem,
662 3958 695 4007 de
715 3977 763 4025 qna
781 3976 805 4008 v.
831 3968 903 4024 parat
920 3961 994 4008 lloser
1009 3959 1053 4007 ΙΙΙ.
1070 3960 1096 4019 2,
1112 3958 1144 4011 3:
1169 3959 1198 4009 in
1211 3975 1309 4009 summa
1323 3957 1402 4008 isani-

230 4020 264 4073 sd
279 4022 358 4102 elil,
376 4024 423 4072 31:
444 4028 521 4073 cntnu
536 4029 758 4076 maltorumrerum
773 4054 807 4065 -
831 4035 885 4076 tate
897 4025 996 4075 versari.
1030 4024 1103 4075 catil.
1121 4028 1164 4079 tv.
1180 4024 1251 4090 4,'l:
1268 4026 1295 4077 in
1310 4040 1402 4075 samm

228 4102 408 4154 pewrstcnem.
831 4092 963 4143 severitate
981 4092 1081 4142 versari.

280 4159 339 4221 {erre
363 4152 458 4218 debuit]
488 4154 525 4202 De
547 4154 649 4208 indicat.
676 4174 700 4205 n.
727 4157 760 4205 ad
785 4159 805 4206 Ι.
881 4163 946 4210 nutu
960 4162 1055 4210 modum
1069 4162 1180 4226 opponit]
1198 4162 1291 4211 mass
1305 4161 1403 4222 apponit

230 4223 278 4290 49,
299 4221 353 4277 116·
830 4233 949 4291 tanquam
963 4226 1098 4286 custodem,
1118 4227 1154 4276 uti
1170 4226 1288 4278 reeteiat
1360 4235 1401 4275 ta-

283 4295 330 4347 Sed
345 4308 374 4343 ro
387 4289 500 4359 mentm]
519 4290 547 4341 L.
562 4288 644 4341 locum
662 4301 805 4358 corruptum
831 4294 996 4356 turlr'lotrr'us,
1013 4311 1095 4360 comp.
1112 4294 1165 4344 Cic.
1182 4294 1260 4345 disin.
1276 4294 1303 4345 in

232 4373 320 4427 putans
335 4360 399 4412 coni.
416 4375 458 4410 nee
473 4374 501 4409 ec
517 4360 626 4421 modico,-
646 4359 724 4409 Bentl.
741 4359 805 4409 coni.
834 4357 878 4418 16,
896 4362 942 4411 51:
970 4362 1113 4420 custodem.
1141 4361 1239 4429 inquit,
1264 4360 1350 4413 Tullio
1365 4376 1401 4411 mr

231 4432 419 4478 riteamodico.
448 4433 478 4477 ut
493 4426 555 4477 nihil
571 4428 727 4477 correctione
742 4445 805 4492 opus
829 4427 958 4494 apponite.
992 4428 1047 4478 Lir.
1070 4431 1109 4489 ll,
1132 4432 1177 4480 tlt:
1211 4429 1355 4482 modoeator·
1375 4436 1400 4476 et

231 4502 277 4540 est.
309 4495 377 4544 Haec
389 4495 463 4544 verba
482 4494 570 4545 Cicero
584 4493 637 4561 ipse
648 4494 695 4543 sibi
710 4495 805 4544 obiicit.
830 4495 947 4561 magister
964 4494 1105 4546 consulibus
1122 4498 1263 4564 appositus.

232 4562 274 4607 Or.
292 4558 373 4608 locum
390 4561 425 4610 ita
442 4562 569 4612 distinxit:
587 4576 658 4612 nord.
677 4589 708 4599 —
737 4564 805 4623 „Sed
881 4564 989 4626 proclivi]
1018 4563 1059 4612 Sic
1085 4574 1153 4614 recte
1171 4569 1215 4615 Or,
1236 4583 1258 4617 c.
1282 4561 1400 4633 plerisque

230 4639 259 4674 to
282 4628 453 4675 atodiea.“-
488 4633 577 4692 liugan
600 4639 661 4683 etc..
689 4638 716 4676 ut
742 4628 803 4678 haec
829 4629 914 4691 codd„
933 4629 1006 4678 etiam
1025 4631 1053 4680 il.
1070 4632 1096 4681 P.
1112 4633 1169 4682 Vnt.
1186 4632 1344 4687 God.t.tt.;
1359 4627 1401 4679 alii

231 4691 307 4742 rerba
323 4708 354 4741 ex
371 4691 433 4741 aliur
451 4711 495 4743 ore
514 4696 613 4745 obiecta
629 4694 768 4745 videantur.
828 4695 964 4746 deteriores
987 4697 1062 4746 codd.
1084 4698 1179 4751 habent
1196 4703 1318 4763 praelim
1341 4696 1404 4749 serl-

281 4759 341 4808 Gsr.
359 4759 453 4807 xvut.
472 4762 494 4826 ς.
508 4758 549 4810 41.
573 4765 680 4811 Mirr
695 4764 762 4824 fuel,
778 4769 803 4813 ut
828 4773 916 4831 pturae
938 4768 963 4813 in
983 4768 1103 4828 procliue,
1125 4782 1138 4817 e
1160 4772 1266 4829 procliui
1300 4764 1404 4835 Grppbl

226 4826 259 4895 si]
278 4827 315 4876 De
331 4829 437 4876 similiter
451 4830 513 4877 ulti
535 4844 558 4874 v.
576 4830 680 4891 llcdndp.
695 4838 721 4877 et
740 4832 803 4881 Olta-
826 4841 886 4881 sunt
910 4830 1067 4897 glossemata.
1112 4833 1153 4883 Gi.
1179 4833 1248 4885 cett
1275 4775 1308 4885 ll.
1327 4832 1406 4893 dx,

226 4910 279 4947 mer
301 4892 334 4945 ad
351 4892 405 4942 Fin.
423 4894 453 4941 tt.
471 4891 553 4953 221.
589 4894 630 4944 Sic
656 4894 688 4944 de
703 4899 801 4946 Senect.
827 4893 874 4948 24:
897 4900 963 4947 Sane
980 4916 1053 4966 quarn
1069 4910 1219 4952 consuetum
1237 4901 1268 4951 iis
1283 4900 1407 4953 raecum

226 4963 252 5031 6,
270 4962 313 5016 t?-
331 4964 467 5026 sirntlesque
484 4970 556 5019 erint,
575 4968 600 5012 ul
615 4966 635 5013 ri
652 4963 693 5028 qui
709 4963 802 5028 guber·
829 4962 876 5013 linit
899 4963 989 5015 litteris
1011 4965 1050 5017 lais
1071 4966 1220 5037 plerumque
1243 4969 1282 5019 nti
1305 4966 1404 5021 iadill'e·
