2888 5512
259 669 325 736 490

261 809 377 924 lleppplesp
394 805 460 924 lippis
477 814 503 854 et
513 803 646 854 Alcmenae
661 802 734 856 tilius.
751 803 828 866 220.

676 685 785 737 tttuttx
801 684 1006 737 tttstotttcus.

887 803 1011 864 oriundus,
1028 809 1104 870 poeta
1125 802 1233 870 tyrias,
1251 820 1276 853 c.
1289 819 1312 854 s.
1326 800 1379 856 utu
1387 820 1414 855 ι.

888 871 947 921 Chr.
965 900 995 909 -
1014 868 1045 933 1,
1063 870 1103 925 il.

261 944 376 1002 llertllns,
412 939 633 1005 Carthaginiensis,
665 938 828 1006 philosophus
853 942 937 1000 ladio,
954 940 1040 1005 ingens
1056 939 1130 989 Asiae
1146 937 1225 1003 ragio.
1258 939 1291 997 i),
1307 937 1347 989 'ii-
1361 938 1394 993 id

293 1008 405 1067 Stoicus,
427 1008 533 1058 Zenonis
550 1006 692 1074 discipulus.
728 1009 761 1069 5,
777 1008 827 1060 tiit:
854 1011 902 1070 lito,
922 1006 1008 1056 Gudmi
1024 1016 1048 1056 et
1066 1006 1215 1056 Hermiones
1230 1005 1290 1055 lilia.
1315 1007 1404 1057 Usum

261 1075 607 1210 nihiiodinidnltphestorum
622 1142 648 1192 iu
660 1142 717 1193 Asia
730 1143 829 1194 Minore

292 1221 410 1290 tyrannus
431 1214 462 1277 (c.
476 1229 498 1262 a.
508 1212 565 1261 500.
579 1228 601 1261 a.
621 1211 699 1277 Chr).
724 1212 750 1273 ὁ,
767 1211 828 1266 105:

259 1278 623 1409 udidninidhdiidimnsi,
650 1346 734 1397 Cariae
759 1346 827 1407 urbe,

294 1425 382 1475 nutus,
410 1413 500 1481 primus
519 1414 669 1465 Graecorum
686 1414 827 1474 historicus,

294 1483 361 1539 cuins
376 1499 465 1531 norem
481 1482 538 1533 libri
549 1484 673 1533 Musarum
688 1483 829 1533 nominibus

292 1550 405 1631 inscripti
417 1559 481 1601 sunt.
498 1549 567 1601 vixit
575 1568 630 1601 ω.
639 1547 695 1602 lii.
704 1568 727 1600 a.
737 1551 794 1601 Chr.
802 1578 828 1590 -·

260 1619 402 1749 lleiliididd}
422 1686 518 1741 Gumis.
537 1685 638 1737 Aeoliae
655 1686 729 1749 urbe,
748 1697 829 1749 nstns,

293 1772 309 1804 a
319 1752 452 1813 domicilio,
462 1752 529 1820 quod
539 1763 625 1820 postea
636 1761 733 1815 Ascrae,
747 1757 828 1806 Boeo-

292 1822 344 1871 tiae
359 1821 435 1882 urbe,
452 1821 598 1881 collocavit,
613 1829 728 1875 Ascraeus
740 1823 828 1891 appel-

293 1888 375 1949 latas,
402 1890 528 1957 complura
555 1892 696 1958 composuit
713 1891 828 1942 carmina.

294 1957 363 2007 Vixit
381 1975 403 2008 c.
419 1975 443 2008 a·
459 1959 517 2008 1100.
534 1976 556 2008 a.
574 1958 631 2010 chr.
647 1988 680 1999 -··
699 1962 728 2018 1,
743 1959 768 2011 3.
785 1958 826 2010 011.

260 2025 433 2087 hieronimus,
458 2026 583 2085 Rhodius,
601 2026 762 2093 philosophus
780 2027 829 2077 l'e-

294 2092 651 2207 1
669 2096 694 2211 i
713 2094 829 2211 {tter

293 2176 468 2308 ddioesummum
482 2227 581 2316 bpnnm'
589 2201 705 2309 eipoauit
716 2200 830 2281 vomita-³

292 2294 602 2424 gemgpolkpppeffllsspo:
629 2297 670 2347 ulss
695 2315 719 2347 v.
737 2297 830 2349 Adnot.

258 2436 464 2495 Hippocentaurus
482 2434 510 2489 1,
528 2430 570 2482 90.

258 2502 435 2563 Hippodamus,
453 2500 570 2548 Oenomiti
587 2499 650 2565 regis
662 2500 737 2549 Elidis
749 2509 775 2550 et
785 2501 828 2550 Pi-

887 1093 941 1124 eam
952 1074 1022 1123 duxit
1037 1074 1162 1133 Athamas,
1180 1091 1225 1123 rex
1239 1073 1404 1141 Thebanum,
1418 1090 1421 1095 ·

888 1152 1020 1209 postquam
1035 1142 1155 1208 Nephele,
1175 1159 1207 1191 ex
1222 1159 1272 1208 qua
1287 1141 1328 1191 ille

887 1228 943 1260 xuni
960 1220 985 1260 et
1002 1210 1088 1259 Hellen
1103 1221 1257 1276 susceperat,
1278 1209 1361 1259 Baochi

887 1295 944 1328 rore
960 1279 1053 1343 agitata
1070 1279 1094 1328 in
1112 1278 1187 1328 silvas
1198 1294 1226 1327 se
1238 1277 1352 1328 contuli.
1368 1278 1401 1329 hs

887 1346 1014 1413 privignos
1038 1345 1105 1414 apud
1129 1356 1229 1412 patrem
1254 1360 1403 1396 acommsu

888 1414 1015 1481 compulit,
1032 1425 1068 1476 ut,
1086 1430 1225 1465 conscenso
1243 1430 1321 1463 nureo
1334 1414 1400 1474 dea,

888 1482 946 1548 fuga
957 1482 1003 1531 sihi
1015 1480 1181 1534 consulerent.
1200 1484 1284 1543 Quam
1293 1496 1406 1548 remaepe

888 1550 971 1599 ferens
988 1552 1048 1599 luno
1062 1550 1205 1599 Athamanti
1223 1550 1302 1599 forins
1316 1549 1405 1609 immffl,

887 1618 984 1685 quaein
999 1628 1158 1668 tuntameum
1172 1616 1314 1685 adegerunt
1323 1618 1408 1673 rabien,

888 1697 930 1744 ut,
959 1702 1033 1752 quum
1050 1688 1094 1737 lno
1118 1703 1175 1735 otim
1193 1685 1251 1735 liliis
1270 1684 1406 1737 tenetote

888 1753 1016 1804 Melicerta
1033 1752 1065 1804 nd
1086 1771 1114 1803 se
1130 1754 1295 1803 accedentem
1310 1752 1407 1820 adspice·

887 1832 942 1881 ret,
964 1821 1029 1872 hunc
1045 1821 1172 1881 leaenam,
1198 1821 1264 1871 lilios
1280 1832 1357 1871 sutem
1371 1839 1405 1871 m-

889 1889 954 1939 tulos
980 1890 1141 1940 arbitraretur
1172 1900 1321 1957 raptumque
1343 1891 1409 1941 tna

888 1957 962 2007 chum
978 1974 1038 2007 saxo
1055 1956 1180 2017 illideret,
1204 1958 1271 2007 idem
1287 1957 1410 2024 exemplans

887 2025 912 2075 in
931 2043 1008 2075 uxore
1024 2025 1148 2084 editurus,
1178 2025 1227 2075 nisi
1251 2025 1291 2076 illa
1307 2036 1410 2091 correpto

887 2093 1016 2143 Melicerta
1034 2111 1080 2142 una
1093 2110 1149 2142 cum
1160 2093 1208 2144 illo
1221 2094 1246 2143 in
1257 2110 1322 2144 mare
1331 2110 1358 2142 se
1370 2093 1409 2142 sh-

888 2160 1001 2219 iecisset‚
1018 2161 1059 2210 ubi
1075 2161 1100 2209 in
1115 2160 1190 2211 deam
1206 2162 1322 2211 marinam
1338 2170 1409 2211 trass-

888 2227 995 2277 formata
1013 2240 1039 2279 et
1056 2229 1202 2279 Leucothea
1228 2230 1302 2297 (apud
1317 2230 1409 2279 huon

887 2298 995 2358 Matittul
1021 2306 1109 2347 t'oeutn
1132 2308 1177 2345 est.
1220 2299 1248 2348 V.
1267 2296 1334 2347 on'd.
1355 2298 1407 2347 hiet.

887 2361 913 2425 1,
928 2362 1092 2423 tto-5623
1122 2365 1154 2415 cl.
1173 2363 1406 2422 flammi-'dii

887 2449 942 2498 sqq.
958 2460 992 2471 -
1012 2432 1032 2491 1,
1050 2433 1099 2484 ’ὶὸε
1119 2432 1160 2483 ubi
1177 2431 1267 2483 nuda
1294 2430 1406 2481 ufmun-

886 2514 939 2550 MS

292 2583 335 2616 sae
352 2566 417 2623 lilia,
444 2582 490 2631 qua
510 2566 599 2633 Pelops
615 2567 730 2626 tandem,
753 2578 826 2634 post-
851 2569 912 2616 lovis
928 2537 1034 2628 adletles,
1052 2567 1152 2627 vultur,
1177 2569 1221 2637 qni
1234 2568 1299 2619 iemr
1313 2568 1409 2618 Prone·

293 2650 366 2749 puam
391 2631 473 2698 plures
499 2632 548 2681 iem
566 2634 635 2701 proci
651 2634 683 2684 ab
701 2638 828 2686 Oenomao

886 2633 940 2683 thei
956 2632 1100 2687 dilaniabat.
1130 2635 1161 2697 ’1,
1180 2634 1223 2689 31.

306 2699 382 2750 raude
404 2699 547 2767 interempti
571 2711 644 2764 sunt,
671 2719 726 2755 cum
750 2720 827 2770 regno
852 2704 987 2765 lphipenin,
1005 2702 1054 2751 filia
1074 2705 1265 2769 Agamemnonis
1280 2715 1307 2755 et
1320 2704 1410 2771 Clytae-

294 2768 389 2835 potitus
407 2776 452 2818 est.
486 2766 518 2827 3,
536 2768 577 2821 06.

259 2837 423 2909 Hippolytus,
449 2836 539 2886 Thesei
565 2837 626 2888 tilius
651 2855 681 2888 ex
704 2842 828 2889 Amsailne

293 2905 434 2974 Hippolyta
460 2906 528 2971 (lior.
546 2906 622 2973 llipp.
643 2906 691 2970 11.)
717 2908 757 2957 vel
776 2912 829 2957 An-

294 2973 378 3039 tiiipa,
404 2991 418 3022 a
437 2973 548 3023 Phaedra
566 2991 672 3025 noverca
687 2975 768 3041 stupri
784 2992 829 3026 ac-

294 3053 390 3089 cusatus
399 3040 488 3090 Thesei
499 3041 644 3091 crudelitate
655 3043 737 3109 periit.
751 3040 776 3105 ·1,
786 3043 827 3096 27.

261 3109 379 3169 llispom'n
398 3108 425 3165 1,
443 3106 485 3157 uti.

258 3175 373 3223 Homerus
389 3172 437 3221 luit
453 3191 473 3222 c·
489 3190 511 3222 a.
527 3175 597 3225 1000.
614 3193 636 3224 a.
658 3176 827 3235 chr.-t,3.

291 3240 389 3360 {hihi
413 3238 828 3305 3,18.01.0.)·1,10.5,111.

325 3326 350 3360 o.

259 3397 408 3457 Hortensius,
425 3392 571 3444 clarissimus
589 3404 675 3445 orator
691 3396 825 3459 Romanus,

293 3463 334 3530 qni
348 3463 471 3513 Ciceronis
489 3473 571 3512 aetate
582 3462 631 3513 fuit
649 3461 715 3524 (tlt.
732 3482 755 3515 a.
769 3464 825 3516 Ghr.

292 3541 381 3647 paup,
406 3531 449 3649 582.
472 3532 602 3650 ιηῖτῐὲυεὲ.
643 3532 674 3581 v.
692 3532 723 3583 de
746 3533 825 3650 epse.

292 3616 364 3715 inhio]
378 3617 410 3714 de
427 3636 457 3727 Q:
468 3611 825 3735 Hoitedsioudiildi'eicitulgsd:

886 2780 1016 2820 mnestrse.
1053 2773 1135 2832 Quum
1158 2779 1310 2838 Agamemno
1334 2771 1410 2822 Aulide

888 2855 986 2888 nervum
1006 2840 1097 2888 Dianae
1120 2840 1265 2906 imprudens
1282 2840 1409 2899 occidisset,

887 2904 933 2954 dea
948 2905 1074 2971 indignata
1085 2910 1218 2958 contrariis
1233 2909 1326 2958 llntibns
1339 2910 1411 2958 Grae·

889 2990 973 3023 corum
1004 2975 1190 3041 expeditionem
1220 2978 1349 3028 Troianam
1377 2985 1411 3024 est

887 3052 1018 3092 remorata.
1060 3042 1114 3105 Qua
1140 3043 1173 3093 de
1202 3063 1231 3094 re
1257 3062 1328 3112 quum
1351 3055 1411 3093 vates

888 3110 1060 3170 consulerent,
1076 3128 1227 3177 responsum
1244 3125 1296 3173 eat,
1313 3120 1409 3177 Agame·

887 3178 985 3227 mnonis
1005 3179 1123 3245 sanguine
1143 3179 1220 3229 deam
1242 3198 1294 3231 esse
1318 3181 1409 3246 plaonn·

887 3244 953 3294 dam.
979 3247 1066 3296 hlissus
1082 3246 1157 3312 igitur
1168 3249 1258 3299 Ulixes
1273 3248 1411 3314 iphigenian

886 3324 942 3362 astu
965 3330 979 3363 a
1004 3324 1082 3363 matre
1102 3314 1225 3377 abduxit,
1258 3316 1341 3367 Achilli
1362 3332 1410 3365 eam

886 3390 1017 3446 nupturam
1032 3380 1157 3442 simulans,
1173 3401 1301 3451 quumque
1312 3384 1357 3433 iam
1366 3384 1410 3432 im·

885 3449 1002 3499 molundn
1019 3461 1096 3511 esset,
1116 3449 1162 3500 dea
1180 3452 1236 3502 eius
1250 3454 1348 3502 miserta
1361 3468 1409 3501 cce-

884 3534 940 3566 vam
958 3535 1005 3584 pro
1021 3535 1050 3567 es
1064 3519 1213 3584 supposuit,
1239 3520 1356 3587 virginem
1371 3537 1410 3570 au·

883 3594 935 3702 t¹em
954 3585 983 3705 ip5
994 3585 1124 3637 Tauricam
1140 3588 1272 3653 regionem
1286 3588 1409 3640 transtulit.

908 3689 915 3713 ,
936 3655 963 3704 11
984 3690 991 3704 .

290 3732 434 3785 11111810.
471 3735 574 3783 Decius
590 3736 825 3789 memoriav.Adn.
851 3739 975 3799 leocrates,
1010 3738 1097 3788 rhetor
1127 3756 1237 3791 summus
1261 3742 1412 3805 Graecorum,

290 3800 323 3850 ad
342 3802 371 3864 1,
389 3799 430 3851 59.
466 3802 504 3851 llo
532 3802 655 3853 Ciceronis
678 3804 757 3866 libro,
783 3803 825 3872 qui

289 3870 425 3918 Hortensius
440 3869 573 3936 inscriptus
591 3882 644 3929 est,
669 3890 692 3921 v.
710 3873 775 3922 Ado.
792 3870 825 3921 ed

883 3805 1056 3872 Atheniensis,
1076 3806 1184 3874 Gorgiae
1201 3808 1343 3877 discipulus,
1360 3828 1379 3859 e.
1393 3826 1411 3858 a

882 3869 939 3923 100.
956 3889 978 3922 a.
997 3873 1054 3924 Chr.
1071 3899 1105 3911 -
1124 3879 1154 3937 1,
1172 3874 1204 3929 7:
1223 3877 1265 3927 nbi
1282 3895 1304 3926 v.
1320 3876 1381 3927 Adn.

289 3932 315 3989 2,
331 3932 356 3984 t.
391 3938 506 3986 Hortensii·
520 3954 610 3987 nomen
623 3938 693 3989 duxit
707 3940 747 3990 hic
762 3940 825 3990 liber
849 3952 968 4021 pap-m
993 3957 1018 4011 ’χι
1031 3958 1055 4011 7,
1081 3959 1097 4009 5
1122 3958 1163 4013 10,
1179 3989 1215 4001 ,,
1237 3964 1330 4013 mm
1344 3977 1409 4011 mm.

290 4014 321 4046 ex
345 4015 391 4057 eo,
418 4003 485 4066 qnod
502 4008 637 4056 Hortensius
654 4006 825 4074 philosophiae
883 4042 932 4074 Μ,
960 3996 992 4086 5’‚
1012 4027 1067 4077 100,
1097 3996 1104 4023 '

288 4064 397 4115 studium
414 4070 597 4131 reprehendens
614 4073 727 4124 inductus
745 4086 806 4127 erat.
849 4095 862 4143 p

255 4153 343 4232 Hydra
363 4150 490 4213 Lernaea,
522 4168 624 4218 serpens
649 4157 825 4236 quinpnaginta
848 4160 971 4223 iuventus,

289 4230 415 4300 capitum,
432 4218 579 4288 exquibus,
597 4238 647 4273 uno
665 4240 756 4287 exnso,
774 4226 823 4278 duo

289 4288 337 4339 ulta
353 4288 437 4339 statim
452 4288 630 4340 recrescebant.
647 4292 722 4351 222.
741 4297 825 4357 llpdru
914 4282 924 4296 ⁸
1232 4322 1236 4329 ·

289 4374 344 4406 cum
360 4360 466 4409 Echidna
481 4358 611 4425 permista.
646 4362 676 4412 V.
692 4362 785 4414 Aduot.
798 4363 823 4413 in
848 4366 1063 4427 linrilsopiniensen
1079 4366 1177 4419 incolae
1194 4366 1359 4438 Carthaginis,
1375 4386 1412 4418 ur-

289 4423 321 4479 2,
339 4426 379 4475 22.

255 4504 369 4567 lippiam,
387 4507 473 4559 lluvius
490 4510 515 4560 in
533 4513 653 4564 Sarmatia
670 4513 777 4567 Asiatica
792 4516 825 4567 ud

288 4572 428 4635 Bospirum
445 4576 608 4629 Cimmerium.
636 4582 718 4632 Hodie
734 4584 824 4651 appel-

287 4636 352 4689 latur
369 4640 426 4698 Bop.
453 4643 484 4699 1,
501 4641 547 4694 94:
566 4646 607 4695 ubi
624 4666 648 4699 v.
667 4648 730 4699 Adn.

876 4097 952 4156 ppiter
970 4096 1099 4230 Olpftppius.
1124 4094 1157 4157 1,
1171 4090 1213 4148 10.

1049 4179 1076 4227 η.
1112 4160 1373 4227 numanus

1119 4285 1150 4334 κ.

882 4430 920 4480 bis
937 4431 962 4480 in
971 4431 1054 4482 Airica
1068 4434 1141 4497 sitae,
1161 4431 1252 4489 116...
1264 4437 1322 4488 Chr.
1337 4455 1351 4488 a
1363 4437 1410 4486 lio·

882 4498 960 4549 manis
978 4500 1082 4551 deletae.
1111 4505 1146 4567 5,
1162 4503 1205 4556 53.

1116 4625 1146 4673 t.

252 4724 388 4785 limma
415 4721 484 4787 mgio
503 4726 610 4778 Asiutios
633 4729 668 4780 sd
684 4733 756 4783 Μαι-ο
773 4736 823 4786 ca.
847 4704 965 4758 Imma·
993 4706 1021 4769 ¹2
1041 4705 1095 4759 ¹⁰¹·
1123 4707 1155 4771 2,
1173 4708 1217 4763 3⁶·

285 4789 374 4858 prm
402 4787 432 4852 1,
453 4789 510 4845 ios.

251 4997 343 5060 thiens,
359 5011 375 5047 e
389 4992 494 5063 thegio,
511 4914 598 5050 lthliac
613 4997 739 5054 interioris
752 5004 820 5069 urhe,

847 4790 1010 4911 ancdrpegno,
1025 4791 1052 4843 in
1067 4790 1246 4859 Peloponneso
1263 4795 1318 4848 sita.
1334 4798 1361 4861 2,
1375 4792 1411 4848 tt

905 4894 912 4917 ,
952 4874 971 4911 t.

846 4943 1034 5065 aarum
1061 4946 1247 5013 1,too.tot.
1279 4950 1313 5017 a,
1331 4947 1370 5005 so.
1391 4948 1410 5007 t,
