2946 5550
506 773 630 823 cisen
648 775 678 825 v.
693 773 742 833 41,
763 771 819 825 tat.
1182 763 1244 831 477

68 889 210 967 lctudini,
235 889 344 953 ceteris
361 889 448 953 rebus
464 891 584 972 generis
601 892 751 970 eiusdem,
776 912 861 974 quum
881 892 992 973 Stoici3
1017 916 1103 978 quum
1120 916 1172 973 ea,
1197 918 1243 975 re,

69 1020 130 1062 nou
142 999 242 1062 verbis
256 1000 501 1084 ponderarentnr,
526 1020 659 1063 caussam
673 1022 740 1064 esse
756 1001 915 1065 dissidendi
928 1008 940 1046 ¹
960 1004 1096 1087 negabat.
1143 1003 1244 1086 Quare

67 1109 148 1172 hunc
167 1109 262 1171 locum
286 1120 451 1171 ceterarum
478 1110 696 1193 disciplinarum
720 1111 882 1195 philosophi
905 1115 1145 1196 quemadmodum
1171 1116 1245 1179 obti-

68 1238 143 1281 nere
158 1219 289 1302 possint,
313 1218 368 1301 ipsi
383 1219 531 1297 viderint3
555 1220 625 1281 mihi
646 1232 742 1283 tamen
758 1233 874 1304 gratum
894 1234 956 1299 est,
981 1224 1058 1305 quod
1076 1225 1111 1286 de
1128 1224 1245 1306 sapien·

68 1329 141 1390 tium
160 1339 300 1411 perpetua
325 1329 401 1391 bene
413 1329 531 1392 vivendi
555 1330 692 1392 facultate
714 1331 833 1414 dignum
855 1332 987 1413 quiddam
1008 1333 1245 1416 philosophorum

68 1458 145 1501 voce
162 1438 345 1520 prolitcntur.
394 1448 465 1501 ddi.
492 1435 552 1502 Sed
571 1441 706 1522 quoniam
720 1461 805 1502 mane
823 1452 870 1502 est
888 1442 1027 1515 cundum,
1052 1440 1105 1502 has
1118 1442 1245 1524 quinque

68 1547 183 1609 dierum
211 1547 421 1631 disputationes
438 1549 578 1610 memmio
596 1548 887 1631 comprehendamus.
932 1547 1077 1632 Equidem
1094 1569 1140 1611 me
1157 1551 1244 1613 etiam

68 1656 305 1740 conscripturum
330 1656 473 1734 arhitror,
506 1657 570 1736 (uhi
587 1657 664 1719 enim
682 1657 787 1720 melius
804 1659 844 1721 uti
861 1680 1015 1741 possumus
1033 1660 1106 1736 hoc,
1135 1659 1245 1722 cuicui-

69 1766 174 1829 modi²
200 1775 264 1844 est,
297 1765 391 1849 otini)
419 1768 453 1829 ad
479 1764 661 1848 Brutumque
685 1778 817 1829 nostrum
843 1767 897 1830 hos
921 1768 1011 1832 libros
1035 1769 1145 1831 alteros
1161 1768 1246 1851 quin·

68 1896 128 1959 qne
144 1876 312 1953 mittemus,
343 1897 432 1958 aquo
448 1897 506 1938 non
523 1877 608 1939 modo
626 1875 739 1960 impulsi
756 1897 857 1940 sumus
877 1878 913 1939 ad
931 1877 1154 1962 philosophinc³
1171 1879 1245 1941 scri·

68 1984 200 2069 pliones,
223 1986 430 2048 verumetiam
449 1985 591 2049 lacessiti.
637 1982 670 2049 ln
692 2008 749 2069 quo
767 1997 906 2069 quantum
924 1989 1031 2050 ceteris
1046 1986 1191 2070 profuturi
1205 1986 1246 2051 si·

141 2169 277 2222 1v.Adn.
318 2168 394 2220 tsic
416 2171 528 2241 plerique
551 2172 640 2233 codri,
667 2173 741 2224 etium
762 2174 790 2223 11.
807 2175 833 2224 Ρ.
852 2175 916 2224 Gud.
932 2174 954 2225 l.
972 2176 1018 2233 ll.;
1041 2172 1083 2224 alii
1107 2173 1244 2224 deteriores

65 2242 228 2301 cutineunque
244 2241 311 2288 modi
326 2238 365 2289 rel
382 2243 520 2290 cuiusmodi.
555 2242 586 2290 V.
604 2241 637 2290 ad
653 2243 696 2292 ΙΙΙ,
712 2240 761 2303 34,
779 2238 822 2293 83.
856 2241 914 2292 3v.
930 2242 994 2292 Adn.

122 2358 209 2406 ultnos
223 2355 335 2422 quinque]
363 2365 462 2420 praeter
484 2357 592 2424 quinqne
612 2357 645 2406 li·
671 2356 749 2424 φικὸς
766 2355 840 2422 λόγος
850 2368 898 2408 etc.
926 2360 987 2409 Cum
1004 2358 1246 2425 udieciivoptls‘co·

70 2423 132 2472 bros
149 2422 182 2472 de
198 2422 299 2472 Finibus
319 2425 445 2473 Bonorum
469 2435 495 2474 et
511 2427 645 2485 Malorum,
671 2441 728 2490 φας,
744 2427 911 2487 philosophus,
929 2427 1059 2475 contendit
1081 2431 1183 2476 Orethus
1198 2443 1243 2492 φι-

71 2506 137 2557 qnos
154 2490 313 2541 dedicaverat
332 2493 417 2540 Bruto.
580 2499 583 2504 '
672 2490 791 2556 λὸλογος,
821 2494 954 2554 pedetenus
984 2495 1053 2559 (non
1079 2491 1245 2558 φιλολογικᾶς,

123 2560 326 2621 cdphtlosophiee
342 2559 488 2626 scriptiones]
508 2559 549 2608 Sic
558 2557 647 2624 scripsi
670 2560 857 2621 phitotopieusi,
882 2575 962 2625 comp.
981 2559 1013 2608 ad
1034 2565 1085 2609 stt.
1102 2560 1179 2619 Xttt,
1197 2560 1244 2611 29:

72 2641 130 2673 cum
142 2627 233 2674 Klotzio
250 2636 276 2674 et
293 2628 407 2688 drepdero
423 2643 437 2675 e
456 2626 548 2685 Nouio,
567 2626 648 2693 quiet
671 2643 747 2691 quum
783 2625 834 2675 nasi
851 2626 910 2674 nlius
928 2644 967 2675 res
985 2643 1126 2692 quaererem
1145 2626 1177 2676 ds
1191 2629 1246 2688 pni-

71 2709 99 2758 p.
121 2689 175 2747 tit,
195 2692 234 2742 te
259 2691 384 2742 Ciceronis
403 2693 477 2742 verba
495 2697 591 2754 impulsi
607 2709 647 2743 su-
672 2643 914 2759 tolopislphilolopm
931 2692 964 2745 rel
981 2691 1113 2759 φιλόλογα]
1134 2712 1148 2743 e
1166 2693 1246 2744 Nicia.

72 2773 129 2807 mus
145 2759 178 2805 cd
192 2759 353 2820 philosophiae
366 2764 509 2821 scriptiones,
521 2771 546 2809 et
558 2778 583 2826 p.
593 2758 648 2820 134,
674 2760 769 2808 Primus
779 2760 923 2809 Lactantius
942 2761 995 2810 llic.
1008 2761 1087 2810 irretit.
1100 2762 1143 2810 lll.
1159 2760 1196 2819 tt,
1210 2760 1246 2812 td.

72 2826 99 2875 2.
114 2827 211 2885 impulsi
224 2840 305 2877 sumus
322 2829 354 2875 ud
368 2829 529 2889 philosophias
543 2830 649 2888 scriptio·
675 2842 747 2874 ausus
762 2835 799 2874 est
817 2825 899 2875 dicere
913 2830 1078 2890 philosophice.
1112 2829 1177 2877 Nam
1194 2827 1246 2877 Cic.

74 2907 138 2952 nem,
155 2906 237 2941 esrum
252 2896 324 2943 etium
337 2898 438 2943 lacessiti
455 2894 536 2943 rrtt'ert.
565 2894 595 2942 D.
604 2895 647 2942 W.
676 2892 750 2941 head
764 2894 781 2940 l.
793 2894 819 2955 2,
834 2900 859 2943 rt.
878 2893 1001 2959 scriptura
1015 2897 1170 2957 philosophice
1187 2898 1246 2944 scri·

75 2962 118 3007 Or.
130 2958 261 3009 ediderunt
275 2963 433 3023 philosophos,
450 2962 518 3027 quod
530 2960 649 3009 exhibent
675 2963 726 3009 hers
743 2969 780 3007 est
798 2969 922 3025 corrupta.
948 2961 1089 3025 Scripturas
1104 2963 1247 3022 philosophi·

77 3026 107 3074 ll.
128 3030 210 3091 (snpra
224 3027 353 3091 adscripto
370 3028 400 3089 lc)
416 3028 481 3077 Gnd.
496 3033 516 3078 t.
532 3030 649 3077 nurisOx.
675 3042 729 3088 cos,
746 3029 897 3089 philosophus
913 3028 966 3076 sine
982 3026 1058 3076 dubio
1074 3045 1104 3075 cx
1121 3044 1151 3075 eo
1166 3026 1247 3091 origi-

73 3103 156 3158 quati.
172 3093 254 3142 Gehh.
279 3110 342 3141 cruris
364 3094 456 3142 Ursini.
493 3094 648 3144 Adiectivum
674 3110 731 3142 nem
747 3093 969 3154 snamdurerunt,
996 3094 1063 3160 qrrod
1080 3093 1246 3159 imperitiores

73 3162 226 3221 philosophus
241 3158 333 3222 legitur
358 3158 383 3206 in
407 3160 504 3209 Pucirvii
530 3162 587 3210 loco
609 3178 649 3226 ap.
674 3161 775 3217 librarii,
794 3178 851 3210 reru
867 3180 896 3210 nc
913 3162 1012 3228 propriu
1027 3162 1052 3210 vi
1067 3161 1173 3210 nominis
1189 3164 1247 3210 seri·

75 3225 143 3273 Geli.
163 3226 193 3272 N.
213 3230 240 3272 Α.
258 3226 330 3282 Xlll,
349 3234 381 3273 n:
408 3228 460 3290 Ego
477 3226 519 3275 odi
536 3228 649 3277 homiues
673 3233 763 3290 ptioaes
786 3245 837 3277 uon
859 3241 995 3295 perceptu,
1024 3229 1050 3278 id
1075 3245 1121 3294 pro
1145 3232 1246 3290 seriptis,

74 3293 164 3358 ignaua
182 3309 258 3356 opera
275 3301 299 3339 et
314 3293 597 3353 plrilosopltcsententia.
617 3300 649 3345 at
674 3300 739 3344 libris
762 3308 926 3362 acceperunt3
953 3315 1033 3363 neque
1055 3296 1139 3362 negari
1163 3305 1247 3361 potest

72 3376 90 3409 e
107 3360 214 3408 Pacuvio
238 3358 298 3408 nihil
316 3358 432 3408 concludi
449 3371 533 3426 potest
556 3360 587 3411 de
605 3362 649 3411 ci·
674 3362 804 3413 durissime
821 3364 914 3412 dictum
929 3364 1247 3425 fuissephilosophlneseri·

74 3426 173 3475 cernuis
192 3443 243 3475 risu.
270 3428 401 3475 l'nieterea
417 3428 648 3479 Moserattulithiu-
672 3436 724 3491 pte,
741 3433 804 3491 libri,
821 3430 896 3497 idqnc
911 3432 983 3495 plane
1000 3431 1134 3477 abhorrere
1152 3446 1166 3476 a
1182 3445 1244 3476 cou-

76 3493 146 3542 croh.
163 3496 263 3542 Saturrn.
273 3495 326 3542 Vll.
346 3497 366 3543 l.
384 3512 409 3560 p.
424 3497 483 3545 hei.
501 3495 540 3546 ed.
557 3499 647 3545 Zeum:
674 3497 806 3544 suetudine
814 3497 948 3553 Ciceronis,
961 3496 1001 3561 qui
1011 3496 1094 3545 dicere
1107 3495 1171 3543 solet
1184 3498 1246 3555 dilui,

75 3561 196 3621 „uerbum
214 3560 321 3615 necllum.
341 3560 387 3609 nisi
400 3565 572 3624 philosophum,
589 3580 649 3613 seu·
674 3567 715 3625 qui
731 3570 785 3612 sunt
801 3566 830 3612 ds
843 3566 991 3624 philosophie
1010 3562 1049 3611 vel
1070 3561 1144 3610 simili
1160 3560 1246 3619 morlo,

74 3627 142 3681 εἰμ’·
169 3627 214 3677 scd
237 3628 271 3678 ibi
294 3627 335 3676 alii
358 3628 444 3692 legunt
464 3632 649 3692 philosophicum
675 3646 813 3695 quanquam
838 3630 929 3678 Plinius
958 3636 981 3691 in
1004 3628 1108 3677 Klotzio
1131 3628 1155 3676 in
1181 3627 1245 3676 add.

75 3704 118 3753 et,
137 3705 164 3743 nt
181 3694 277 3759 legetur
293 3698 471 3757 philosophum,
491 3707 589 3756 tamen,
608 3697 648 3746 ubi
675 3700 766 3760 psittt.
783 3696 880 3757 allatus]
907 3697 940 3745 H.
960 3698 990 3745 N.
1007 3698 1086 3751 Xlll,
1103 3696 1144 3747 27.
1167 3694 1244 3744 dicit:

76 3761 204 3810 Ciceronis
220 3762 301 3811 oratio
317 3762 407 3828 agitur,
426 3763 547 3813 hlecrnbii
562 3774 649 3813 aucto·
675 3763 718 3821 „in
741 3762 779 3811 his
798 3763 866 3812 libris
888 3768 976 3825 scriplc
997 3774 1067 3812 erunt
1086 3764 1247 3824 pltilnsophins

74 3827 136 3877 ritas
158 3845 208 3877 non
232 3830 287 3894 plns
311 3829 419 3891 valebit,
445 3847 518 3896 quam
543 3830 649 3880 Paconi.
674 3832 851 3891 Pythoponcec.
894 3833 990 3896 anque
1016 3830 1158 3878 combustos
1181 3830 1245 3889 nQ.

76 3897 114 3944 Ex
136 3893 191 3960 ipso
216 3896 316 3963 quidem
340 3897 459 3946 Cicerone
483 3896 549 3947 idem
574 3901 650 3947 dieser
675 3895 764 3946 Petilio
780 3897 972 3963 praetore,quin
986 3899 1145 3959 philosophice
1158 3898 1247 3956 scripta

75 3961 194 4012 excitarit
208 3963 292 4012 locum
306 3963 331 4012 iu
348 3981 387 4029 ep.
402 3964 434 4013 ad
449 3967 480 4025 Q.
491 3966 531 4013 ur.
548 3966 592 4013 lll.
608 3981 648 4030 ep.
675 3974 791 4020 essent;·‘
821 3963 866 4013 secl
888 3963 951 4014 hoec
971 3963 1118 4029 significatio
1139 3963 1170 4011 ah
1196 3961 1246 4023 hoc

77 4033 99 4081 1,
118 4031 227 4087 cm
254 4046 410 4095 ..quenquam
433 4048 463 4079 ee
485 4031 559 4091 villa,
587 4048 649 4098 quoe
675 4031 732 4081 toco
754 4031 827 4097 plone
852 4031 933 4081 aliena
956 4042 1011 4087 est;
1044 4049 1101 4080 nem
1122 4029 1170 4079 dici
1193 4045 1245 4079 non

75 4113 143 4147 nunc
157 4106 203 4153 est,
215 4105 333 4161 tunquam
344 4099 483 4158 philosophe
493 4098 593 4146 videtur
607 4116 648 4147 es·
674 4108 774 4165 potest:
793 4104 889 4162 impntsi
904 4115 986 4150 summ
1003 4103 1035 4148 ed
1052 4103 1131 4159 libros,
1147 4096 1191 4147 sed
1205 4096 1246 4144 di-

73 4180 186 4229 se,quae
204 4162 319 4227 obiurget
336 4173 473 4212 ceterarum
484 4164 649 4214 villorumin-
675 4166 780 4216 cenidum
802 4177 855 4216 erut
876 4167 908 4216 ud
927 4170 1059 4217 scribendos
1076 4171 1154 4216 libros.
1191 4163 1245 4213 Vim

74 4231 206 4281 sarrinmr‘·
224 4229 270 4278 sed
286 4229 485 4309 nehocquidem
503 4230 560 4280 loco
577 4232 648 4297 quio·
675 4234 780 4283 nominis
815 4238 951 4296 scriptiones
974 4235 1099 4283 verissime
1124 4231 1247 4280 intellexit

73 4316 149 4365 quum
167 4298 300 4362 probatum
318 4315 375 4347 nam
392 4298 426 4347 rbi
440 4302 580 4362 philosopho
598 4318 648 4350 non
675 4305 787 4361 liteinins,
796 4319 869 4366 quum
877 4304 1036 4363 philosophice
1046 4303 1179 4359 scripdionss
1188 4313 1248 4344 ver-

74 4376 113 4415 est
133 4364 297 4424 arlirctieum,
321 4365 365 4413 sed
383 4367 579 4419 substantium
607 4368 648 4415 ic-
674 4368 706 4415 tit
715 4370 753 4415 die
765 4369 1135 4428 schriftlicheutisschdstipunpeu
1149 4367 1190 4411 mil
1205 4364 1247 4411 der

74 4432 143 4481 stine
160 4441 185 4479 et
206 4431 289 4497 lepide
312 4432 397 4481 villam
413 4434 508 4483 Tullius
531 4446 650 4499 tanquam
675 4435 829 4492 Philosophie.
866 4434 907 4481 Uti
927 4432 1038 4481 Ciceroni
1060 4431 1150 4478 dicitur
1170 4431 1246 4490 philo-

75 4514 208 4566 personam
225 4499 320 4549 inducit
334 4517 438 4566 cumque
454 4500 649 4566 appellutphilo-
675 4501 769 4559 sophiae
787 4504 910 4559 tractatio,
935 4499 969 4547 im
988 4498 1040 4562 pari
1058 4498 1110 4546 inre
1126 4497 1148 4545 ei
1164 4496 1247 4547 dicere

73 4569 181 4629 sopitam.
212 4567 325 4614 Omnium
342 4567 443 4615 minime
460 4566 596 4634 probabilis
613 4574 651 4614 est
676 4565 744 4612 licuit
756 4568 917 4627 philosophice
932 4569 1074 4627 scriptiones,
1091 4562 1247 4613 rutioneha-

76 4633 175 4699 vulgate
188 4636 369 4694 philosophicos,
386 4650 525 4700 quanquam
540 4651 593 4682 eam
608 4644 648 4681 et·
676 4630 727 4678 bite
745 4633 869 4681 vanorum
888 4630 1061 4697 philosophice
1082 4642 1246 4698 argumento-

74 4700 125 4749 iam
141 4700 249 4766 optimus
266 4698 322 4747 cod.
341 4700 366 4747 Ρ.
385 4699 501 4755 exhihet;
526 4718 584 4751 narn
601 4699 649 4750 nd·
675 4714 729 4746 rum
746 4699 880 4748 scribendo
897 4699 936 4747 rel
954 4698 1042 4750 litteris
1060 4698 1245 4768 persequendo·

73 4768 192 4817 iectivum
213 4768 387 4829 philosophicus
408 4782 458 4815 non
481 4769 559 4832 magis
582 4766 649 4833 opud
675 4782 737 4814 rum.

76 4833 181 4883 latinns
197 4834 330 4898 scriptores
349 4831 373 4880 in
390 4849 435 4881 usn
450 4832 506 4892 init,
517 4852 591 4901 quam
608 4852 649 4900 qit-
724 4836 842 4895 profuturi
858 4833 942 4900 simus]
960 4834 1001 4884 Sic
1016 4836 1074 4884 Ero.
1093 4852 1106 4882 e
1125 4833 1188 4883 coni.
1203 4834 1246 4883 W.

75 4898 212 4965 λοσοφικός
229 4900 296 4966 apmd
314 4900 431 4958 Graecos,
450 4900 492 4966 qui
509 4902 555 4950 etsi
573 4900 649 4968 φιλό-
675 4910 701 4949 et
719 4902 761 4949 Or.
781 4919 801 4950 c.
820 4900 894 4950 codd.
908 4903 1013 4951 Mom‘d.
1036 4902 1120 4951 Duisb.
1134 4898 1247 4951 Beroaldi

75 4983 155 5032 σοφος
173 4964 260 5031 λόγος,
288 4964 426 5033 φιλόσοφον
452 4965 607 5035 σύγγραμμα
622 4978 649 5017 et
674 4966 756 5032 aliquo
771 4968 810 5015 ed.
824 4967 1038 5033 op.Gemton.nd
1054 4969 1141 5018 Milon.
1176 4966 1247 5017 ,132

74 5035 164 5085 similia
183 5034 284 5091 dicriut,
302 5045 385 5082 tamen
405 5051 528 5101 rruuquens
545 5040 649 5100 φιλοσο-
676 5034 793 5101 (honen.)
812 5034 917 5083 luntina.
937 5036 966 5081 t..
992 5032 1087 5084 Contra
1103 4986 1245 5083 codlireti-
