2946 5550
531 333 790 388 raonnnonans.
1210 332 1244 393 ‘tl

59 465 140 524 ratio
154 461 249 539 magis
265 459 428 518 necessaria
442 468 494 531 est,
518 480 604 536 quam
617 460 737 519 horum.
768 461 865 520 Animi
879 473 976 521 autem
990 465 1136 523 medicina
1152 486 1246 542 quae-

59 564 156 626 renda
180 572 225 622 ast
248 582 265 620 a
288 559 492 639 philosophia.
526 581 551 618 c.
567 567 597 622 ὅ.

144 665 183 724 Π.
228 665 424 722 Paorosraua
446 656 566 742 (θέσις).
613 662 708 721 Cadit
730 669 764 722 ira
786 669 953 743 sapientem
976 671 1151 747 aegritudo,

330 850 365 907 d.
409 850 581 907 lirruramo
604 868 782 908 surranum
804 872 991 912 rnorosrrm.

145 968 301 1028 Sententia
318 966 490 1046 proposita:
515 967 623 1024 cadere
639 970 673 1024 r'n
683 973 852 1046 sapientem
867 960 1107 1050 aegritudinem,
1130 975 1242 1030 aCice·

59 1091 137 1131 rone
155 1071 196 1129 ita
214 1071 382 1143 refutatur,
404 1078 439 1126 ut
457 1068 654 1142 demonstret,
678 1089 738 1127 eam
757 1091 854 1128 secum
869 1092 1014 1150 pugnare.
1056 1075 1130 1130 Nam
1149 1073 1174 1130 si
1193 1094 1243 1130 ae-

57 1172 186 1252 gritudo
201 1172 232 1229 in
247 1170 410 1248 sapientem
424 1170 518 1243 cadit,
541 1173 658 1248 sapiens
669 1171 800 1230 insanire
814 1173 959 1231 dicendus
975 1183 1033 1248 esu
1057 1173 1151 1232 omnis
1165 1175 1243 1232 enim

58 1274 154 1332 animi
169 1271 361 1350 perturbatio
376 1271 494 1328 insania
508 1281 565 1346 eat3
588 1271 745 1349 aegritudo
761 1283 859 1332 autem
870 1275 962 1332 animi
975 1276 1165 1354 perturbatio
1183 1285 1241 1351 est3

60 1372 183 1454 sapiens
198 1373 308 1453 igitur,
330 1371 382 1449 qui
399 1371 586 1450 aegritudine
602 1373 765 1451 premitur,
787 1374 908 1433 insanit.
925 1410 966 1419 -
1009 1377 1242 1454 Subiunguntur

59 1475 212 1554 quaedam
229 1474 267 1532 da
282 1474 316 1532 ai
332 1473 430 1532 Latini
450 1473 580 1530 nominis
606 1476 760 1532 insaniae.
804 1475 902 1532 Latini
920 1477 998 1534 enim
1016 1496 1131 1534 omnam
1152 1477 1240 1535 animi

61 1575 272 1648 affectionem,
292 1573 402 1633 lumine
417 1575 524 1633 mentia
541 1583 704 1648 carentem,
732 1575 899 1650 insaniam,·
921 1579 1091 1651 amentiam,
1120 1577 1241 1635 demen-

61 1678 140 1736 tiam
161 1675 310 1755 appellant
334 1675 499 1735 etidcirco
524 1696 586 1735 eam
611 1685 767 1735 removent
793 1698 808 1733 a
836 1678 979 1756 rapiente.
1022 1681 1243 1758 Comparantur

59 1781 177 1839 Graeca
195 1778 313 1836 nomina
329 1776 436 1853 μανίας
450 1787 480 1836 et
497 1774 693 1856 μελαγχολίας.
718 1798 743 1836 c.
760 1783 787 1838 t·
801 1784 830 1837 5.

148 1879 300 1952 Quoniam
315 1888 425 1937 natura
441 1879 501 1937 lere
515 1879 546 1937 in
561 1879 668 1937 animis
682 1888 817 1938 tenerum
832 1880 973 1957 quiddam
986 1892 1076 1959 atque
1090 1883 1177 1940 molle
1188 1892 1240 1956 est,

58 1982 145 2062 quod
158 1979 347 2060 aegritudine
362 1981 531 2057 quatiatur;
553 1981 638 2040 facile
653 1981 837 2054 inducimur,
862 1993 894 2039 ut
911 1984 1122 2058 existimemus,
1143 1984 1239 2060 aegri-

59 2085 199 2145 tudinem
211 2083 243 2141 in
254 2083 416 2161 sapientem
430 2082 543 2141 cadere.
587 2082 626 2141 At
639 2081 848 2162 philosophiae
861 2083 1053 2160 propositum
1070 2103 1131 2140 esse
1145 2085 1241 2157 debet,

60 2196 97 2244 ut
115 2183 485 2244 omnem'imbecillitatem
503 2194 635 2242 nostram
658 2192 748 2260 atque
771 2182 990 2242 mollitudinem
1005 2184 1152 2261 exstirpet
1173 2183 1242 2241 ani·

61 2305 189 2364 mosque
203 2287 341 2345 manibus
358 2285 481 2344 miseriis
496 2286 612 2344 liberet.
634 2305 660 2343 c.
676 2291 705 2344 6.
738 2284 842 2361 Itaque
857 2285 960 2344 Cicero
975 2285 1106 2363 primunr
1121 2285 1242 2344 Stoico·

63 2408 135 2447 rum
155 2388 334 2477 argrnmntia
351 2388 484 2447 breviter
500 2386 651 2445 adstrictis
672 2387 876 2446 demonstrare
894 2398 1039 2464 conatur,
1068 2388 1100 2446 in
1120 2389 1241 2467 sapien-

60 2500 120 2549 tem
142 2488 249 2547 cadere
270 2509 332 2547 nou
353 2508 441 2569 posse
462 2487 689 2566 aegritudinem.

148 2589 179 2666 a)
203 2593 315 2647 Prima
330 2594 572 2669 argumentatio.
617 2584 769 2648 Nemo'est
784 2589 918 2668 sapiens,
942 2590 999 2649 nisi
1016 2591 1120 2665 tortia
1143 2591 1240 2671 aegri,-

62 2691 139 2753 tudo
158 2699 263 2749 autem*
272 2701 422 2769 repugnat
436 2689 631 2765 fortitudini3
654 2712 714 2748 non
731 2690 814 2749 cadit
831 2710 901 2770 ergo
917 2690 949 2748 in
965 2692 1125 2770 sapientem
1142 2693 1241 2771 aegri-

63 2793 151 2852 tudo.
173 2813 200 2853 a.
217 2797 248 2852 7.
268 2788 300 2870 §0
317 2796 368 2852 tt.
385 2798 433 2852 15.

150 2895 181 2968 b)
202 2894 317 2951 Altera
337 2898 577 2973 argrrrnentatr'o.
622 2894 770 2972 Sapientia
790 2896 905 2952 animus
925 2896 965 2952 ita
985 2915 1099 2971 semper
1119 2895 1242 2951 affectus

64 3005 124 3064 eat,
153 3005 190 3053 ut
213 2994 333 3053 ratione
355 2996 467 3073 optime
490 3004 595 3054 utatur
602 3018 611 3071 3
638 3000 790 3072 uunquam
809 2996 903 3071 igitur
918 2995 1113 3072 perturbatus
1131 3002 1190 3066 eat3
1212 3001 1244 3050 at

15 3164 20 3171 Ι
66 3096 228 3175 aegritudo
252 3096 443 3174 perturbatio
465 3107 510 3155 eat
530 3095 636 3155 animi:
666 3115 781 3173 semper
802 3095 896 3171 igitur
921 3112 952 3150 ea
975 3092 1092 3169 sapiens
1115 3092 1243 3167 vacabit.

67 3195 100 3274 5.
121 3202 174 3256 15·
189 3206 268 3255 extr.
324 3234 328 3239 -
989 3257 992 3263 ,

159 3299 189 3371 c)
218 3299 317 3355 Tertia
341 3305 581 3378 argumentatio.
625 3298 750 3376 Sapiens
776 3294 946 3353 moderatus
968 3304 998 3353 at
1026 3306 1191 3375 temperans
1214 3306 1245 3356 et

70 3407 216 3460 corutum
235 3409 264 3458 et
279 3399 398 3478 quietus
414 3409 473 3476 est3
497 3399 594 3458 aberit
609 3398 701 3478 igitar
719 3420 736 3455 a
749 3399 883 3475 sapiente
897 3397 1065 3476 aegritudo.
1087 3420 1113 3456 c.
1130 3403 1160 3458 8.

154 3500 188 3580 d)
216 3502 338 3578 Quarta
359 3504 600 3581 argumentatio.
643 3498 764 3578 Sapiens
784 3518 937 3575 nunquam
961 3499 1117 3575 irascitur3
1145 3500 1169 3558 ai
1187 3518 1245 3558 au-

70 3613 128 3661 tem
154 3602 276 3661 caderet
293 3602 327 3660 in
349 3603 510 3681 eapientem
533 3601 704 3680 aegritudo,
734 3601 853 3659 caderet
874 3600 962 3658 etiam
984 3600 1156 3660 iracundia:
1187 3620 1247 3679 qua

71 3703 214 3785 qnoniam
236 3713 340 3778 vacat,
363 3704 549 3782 aegritudine
570 3703 659 3761 etiam
679 3704 808 3761 vacabit.
830 3724 856 3761 c.
872 3707 902 3761 9.
923 3699 955 3779 §.
973 3706 1022 3760 19.

155 3803 186 3887 e)
215 3806 334 3882 Quinta
359 3808 597 3885 argumentatio.
648 3805 771 3882 Sapiens
795 3803 1002 3862 misericordia
1029 3813 1059 3863 et
1079 3805 1249 3862 invidentia

71 3916 177 3983 vacat,
202 3906 229 3965 ei
246 3926 320 3965 vero
336 3907 454 3986 sapiens
468 3907 500 3965 in
519 3905 732 3984 aegritudinem
749 3905 883 3963 incidere
899 3914 1015 3983 posset,
1044 3915 1144 3982 posset
1160 3903 1249 3961 etiam

73 4007 108 4064 in
126 4007 376 4083 misericordiam,
398 4026 475 4086 quae
493 4017 537 4067 est
552 4007 709 4085 aegritudo
731 4026 768 4064 ex
785 4006 908 4065 alterius
930 4007 1019 4064 rebus
1041 4005 1188 4079 adversis,
1220 4015 1251 4064 et

71 4109 105 4168 in
120 4108 334 4187 invidentiam,
356 4130 435 4189 quae
448 4119 492 4169 est
504 4108 660 4187 aegritudo
682 4129 719 4166 ex
740 4107 863 4166 alterius
880 4109 969 4167 rebus
984 4106 1138 4185 secundis;
1167 4108 1250 4168 abeat

71 4233 144 4293 argo
169 4212 342 4293 asapiente
362 4212 529 4292 aegritudo.
550 4208 581 4289 ς.
599 4214 652 4270 2⁰.
673 4231 699 4270 c.
718 4214 767 4270 re.
791 4207 822 4289 §-
840 4215 891 4268 tt.

227 4400 263 4459 B.
306 4401 422 4459 Luaron
444 4419 549 4457 roaros
571 4417 608 4455 aa
629 4416 829 4456 muniremus
850 4415 919 4455 uoci
941 4416 1107 4458 nroarrro.

163 4519 218 4578 llis
230 4518 405 4578 Stoicorum
427 4538 510 4576 mora
526 4517 695 4576 contortius
713 4514 876 4590 conclusis,
905 4525 1003 4575 totum
1016 4517 1054 4574 de
1066 4515 1254 4595 aegritudine

75 4619 177 4679 locum
193 4620 286 4679 latim
300 4630 330 4680 et
343 4620 403 4679 dili
402 4621 484 4681 usius
498 4619 658 4699 explanare
673 4627 703 4678 et
714 4618 868 4678 illustrare
878 4617 1064 4697 aggreditur,
1085 4624 1121 4673 ut
1133 4622 1254 4680 senten·
1350 4600 1357 4615 ’
