2888 5512
470 719 599 769 utura
619 722 661 770 tv.
682 720 848 781 inance.
1184 718 1248 785 355

63 834 112 917 qni
128 832 232 909 trciet,
258 854 317 895 uon
331 834 515 919 aegritudine
530 838 623 899 solnm
645 840 779 917 vacabit,
804 843 958 907 sedetiam
975 847 1243 927 perturbationibus

63 943 183 1026 reliquis
201 943 350 1006 omnibus.
395 942 450 1005 llis
471 958 568 1009 autem
584 970 694 1012 varinus
718 951 832 1013 animus
852 956 982 1035 perlecto
1003 966 1090 1039 atque
1108 958 1242 1025 etsoture

59 1054 165 1117 lectos
182 1052 286 1129 efficit,
319 1054 453 1136 idemque
473 1057 637 1119 concitatus
662 1071 693 1121 et
709 1061 876 1123 abstractus
899 1065 934 1125 ud
958 1065 1072 1148 integra
1098 1079 1239 1152 certaque

58 1165 176 1228 ratione
191 1184 251 1226 noo
263 1164 458 1227 coustantium
474 1166 700 1246 commeminit,
724 1191 827 1232 rernm
842 1171 929 1234 etiam
942 1173 1112 1241 sanitatem.
1155 1174 1239 1258 Quo-

57 1274 137 1337 circe
158 1272 256 1337 mollis
278 1284 307 1336 et
324 1287 465 1337 cuerratu
483 1279 608 1357 putanda
624 1289 668 1340 est
685 1276 948 1362 Peripateticorum
973 1286 1049 1347 ratio
1075 1299 1105 1348 et
1128 1289 1236 1366 oratio,

56 1383 105 1467 qni
127 1381 297 1467 perturbari
319 1384 435 1445 animos
461 1405 586 1449 necesse
609 1388 710 1449 dicunt
733 1392 847 1466 csse⁵‚
882 1394 933 1453 sed
957 1394 1096 1457 adhibent
1121 1398 1236 1461 modom

57 1495 222 1577 quendam,
247 1513 334 1577 quem
350 1493 425 1556 ultra
443 1484 580 1577 progredi
604 1518 662 1559 aon
690 1509 835 1581 oporteat.
881 1510 935 1564 59.
959 1499 1080 1566 Modum
1106 1515 1136 1567 tu
1157 1507 1238 1569 adtri-

60 1602 115 1665 ltes
132 1602 226 1665 vitio?
257 1623 295 1665 an
316 1603 420 1665 vitium
438 1604 547 1666 nullum
570 1617 692 1669 estnon
712 1629 817 1690 parere
835 1611 961 1675 rationi?
987 1634 1024 1675 cn
1044 1613 1119 1675 ratio
1136 1636 1236 1698 parum

58 1710 220 1796 praecipit,
244 1732 300 1775 nec
318 1712 427 1775 bonnm
442 1712 511 1775 illud
532 1735 619 1792 esse,
643 1718 720 1798 quod
736 1729 788 1779 aut
803 1720 903 1800 cupies
921 1722 1075 1800 ardenter,
1099 1734 1149 1786 aut
1167 1724 1236 1788 ade·

52 1832 127 1908 ,ptus
146 1822 288 1883 ecferes⁶
315 1833 344 1884 te
367 1821 555 1886 insolenter?
582 1846 639 1887 uec
656 1847 743 1909 porro
768 1828 893 1907 uratum,
926 1852 984 1912 quo
1001 1843 1052 1893 aiut
1076 1854 1235 1916 oppressus

56 1932 182 2008 iacens,
204 1940 270 2009 cut,
294 1951 331 1994 ue
348 1912 534 2015 opprimam,
557 1945 657 1996 mente
675 1936 727 1998 rix
743 1940 884 1999 constes?
906 1959 999 2021 eaque
1016 1942 1112 2003 omnic
1129 1954 1178 2004 ant
1191 1942 1235 2004 ni·

56 2040 118 2104 mis
134 2038 229 2103 tristia
247 2050 297 2103 rut
317 2040 406 2103 nimis
432 2041 511 2105 locta
535 2064 639 2106 errore
663 2045 747 2107 lieri?
791 2044 849 2127 Qui
873 2047 898 2110 si
920 2069 1006 2111 error
1027 2051 1126 2113 stultis
1149 2062 1235 2115 eutc-

56 2160 169 2215 uuetnr
180 2148 240 2227 die,
263 2160 307 2227 at,
331 2172 418 2233 quum
434 2171 483 2215 res
498 2155 618 2216 eaedem
634 2158 811 2234 meaeaut⁷‚
835 2156 922 2219 aliter
940 2160 1039 2220 serant
1053 2158 1231 2239 inueterata,

54 2260 147 2324 aliter
166 2260 317 2339 recentia3
341 2261 491 2344 sepientes
514 2283 551 2323 nc
575 2262 699 2346 attingat
717 2265 833 2346 quidem
857 2267 989 2330 omnino.
1036 2277 1089 2333 tt).
1114 2267 1232 2333 Etenim

54 2370 122 2455 onio
139 2370 200 2433 erit
217 2368 334 2431 taudem
351 2371 457 2433 modus
477 2371 554 2433 istc?
598 2367 784 2451 Quaeremus
799 2374 877 2435 enim
892 2376 1009 2439 modum
1028 2380 1231 2459 aegritudinis,

53 2480 84 2543 in
101 2483 189 2563 φο·
208 2498 317 2565 operae
336 2478 490 2563 plurimum
508 2481 635 2564 ponitur.
683 2482 784 2563 Aegre
804 2482 907 2545 tulisse
921 2480 958 2545 P.
982 2482 1155 2568 llupitium⁹
1175 2489 1233 2551 trc-

127 2656 145 2707 5
160 2656 204 2706 stc
212 2658 255 2705 Or.
265 2658 359 2708 c.ll.P.
376 2656 443 2707 Gud.
455 2658 477 2706 l.
497 2658 526 2705 ll.
541 2657 644 2724 aliisque
658 2658 741 2708 multis
756 2676 804 2724 pro
821 2659 888 2724 vulg.
901 2674 949 2711 cccc
964 2663 1009 2710 dic.
1045 2657 1062 2709 ll
1079 2661 1120 2711 Sic
1135 2662 1200 2711 Gud.
1212 2662 1233 2711 l.

55 2734 85 2775 et
103 2724 204 2773 D..ciae
216 2724 295 2773 dubio
312 2742 327 2773 e
343 2723 433 2781 codd.;
452 2724 542 2773 eodem
559 2724 651 2775 ducunt
667 2726 806 2791 scripturae
822 2733 843 2775 et
857 2731 929 2789 teror,
948 2730 1053 2791 operm
1070 2732 1112 2779 Or.
1128 2748 1148 2778 e.
1166 2730 1231 2794 vulp.

55 2804 154 2843 rerer.
188 2792 218 2841 P.
231 2791 264 2841 ad
280 2791 326 2849 15,
344 2790 386 2842 35.
435 2789 619 2842 7Sicdorx.
636 2799 697 2858 Aug.
716 2793 795 2841 llehd.
813 2794 877 2841 Gud.
895 2796 919 2843 ².
947 2798 1015 2847 utrm.
1038 2795 1058 2844 l.
1077 2795 1116 2854 23
1144 2796 1232 2846 eodem

76 2868 156 2907 neunt
171 2858 202 2907 ll.
217 2860 245 2909 P.
261 2858 328 2908 Gud.
340 2858 362 2909 l.
378 2860 423 2919 ll.‚
441 2859 466 2908 in
482 2858 571 2927 quibua
590 2869 628 2908 ert
642 2875 680 2910 rrr
695 2862 777 2908 ecdem
793 2866 921 2921 moaeont;
939 2864 980 2912 Or.
998 2878 1018 2910 e.
1034 2862 1158 2928 plerisque
1175 2860 1233 2912 edd.

56 2936 121 2975 vett.
136 2928 270 2977 rotrudem
286 2932 398 2987 manem
422 2928 487 2975 Mos.
503 2936 573 2975 recte
596 2926 707 2991 praefert
729 2926 866 2991 pluralem,
893 2944 968 2991 quum
985 2928 1086 2993 pluralis
1112 2940 1135 2978 et
1158 2939 1231 2979 utite-

55 2992 131 3045 cedet
154 2994 241 3059 (eccur
256 2996 351 3053 omnio)
365 3002 392 3041 et
404 3003 522 3059 aequatur
538 2995 697 3057 (iuuetrmtc,
720 2994 842 3057 recentia).
877 2996 941 3055 „lter
954 3005 1037 3043 cirtem
1050 2995 1168 3061 intelligit
1182 3014 1232 3058 ear,

104 3078 120 3111 e
136 3069 181 3111 cut
198 3060 271 3111 ntmir
286 3060 379 3117 trirtcc,
397 3061 464 3126 queri
480 3061 569 3121 malae,
588 3071 631 3110 aut
647 3061 720 3110 nimis
735 3061 829 3117 laetae,
846 3060 915 3127 quari
931 3060 1027 3121 bonae,
1045 3079 1130 3114 errore
1144 3064 1233 3115 lieuv‘

80 3142 115 3179 ω.
148 3124 283 3179 Suada
318 3122 394 3177 9sic
407 3128 534 3179 emender.
546 3130 580 3176 ll.
594 3145 624 3177 ex
640 3129 710 3179 lastis
721 3128 868 3194 Capitolinis
882 3139 908 3176 rt
922 3146 981 3179 vcro
996 3129 1087 3196 legitur
1098 3131 1123 3180 in
1135 3130 1232 3183 Gudt.

54 3212 106 3263 pro
122 3197 247 3247 uerutum.
282 3196 313 3245 V.
331 3194 385 3244 tud.
401 3194 461 3244 hiet.
488 3195 558 3245 idem
575 3196 730 3247 meudnmin
746 3195 820 3247 cotld.
835 3196 904 3247 Lcel.
919 3194 966 3258 20,
984 3194 1031 3247 73:
1051 3198 1091 3247 ubi
1109 3217 1132 3249 v.
1148 3202 1231 3266 lntpp.

55 3312 98 3373 ¹18,
111 3310 156 3373 fio.
179 3310 340 3373 ordeum,
356 3312 396 3363 50.
420 3312 454 3361 de
467 3315 562 3362 tarent.
576 3314 594 3369 l.
609 3314 634 3363 ‘'t.
710 3317 732 3382 p.
748 3314 790 3365 39.
817 3321 874 3377 cut,
891 3331 920 3365 ur
935 3321 1085 3378 opprimere,
1101 3323 1176 3365 ruente
1190 3318 1232 3365 nir

54 3382 162 3433 orum
173 3379 200 3430 iu
215 3379 270 3431 ltet.
289 3379 338 3429 cte.
356 3396 381 3446 p.
392 3379 434 3431 83.
450 3379 541 3439 docet,
560 3380 633 3429 Cice·
657 3384 757 3447 coaeter]
785 3382 864 3431 Recto
886 3386 978 3433 Kcitrur
1000 3383 1025 3429 in
1048 3388 1150 3440 tpuaest.
1166 3378 1233 3429 Tull.

54 3460 144 3499 rocem
162 3447 286 3497 eiusmodi
302 3462 370 3511 παρη
387 3445 477 3513 ἤματα
492 3447 532 3497 vel
551 3447 634 3514 potius
658 3465 683 3513 p.
696 3450 739 3497 tx.
757 3448 881 3497 intellexit
897 3449 922 3495 in
937 3447 1020 3495 verbis
1033 3452 1109 3494 mente
1122 3450 1165 3494 otc
1180 3460 1234 3495 cca·

54 3510 70 3569 d
144 3514 235 3569 (λεντα
249 3464 413 3565 inmanius
428 3515 551 3564 habuisse.
579 3515 632 3564 ud·
659 3521 703 3564 rtcr
726 3515 805 3563 lutere
827 3514 956 3562 notionem
979 3514 1156 3583 pertimescendi
1181 3521 1234 3575 paru

111 3582 220 3633 eunden
238 3599 264 3649 p.
275 3582 335 3635 275.
370 3581 442 3631 Cuius
464 3583 561 3647 generis
586 3599 633 3631 ex·
659 3580 837 3647 pertimescas,
863 3597 895 3629 ue
911 3578 1080 3644 opprimere),
1103 3588 1130 3625 et
1145 3594 1234 3643 quiem·

54 3664 96 3699 m
116 3648 142 3699 le
157 3650 229 3715 large
248 3666 322 3700 nunu
338 3649 502 3715 cuppeditant
516 3654 585 3699 Beier
600 3648 633 3699 ad
658 3647 794 3697 admodum
807 3657 882 3696 antea
896 3646 1058 3713 cupiditatem
1070 3656 1095 3694 ct
1105 3644 1233 3703 laetitiam,

56 3718 79 3765 0
112 3714 294 3777 ο.1.18,61.
317 3716 411 3783 p.ti;t.
436 3728 461 3767 et
476 3721 584 3767 Brcmiur
600 3716 632 3765 ed
658 3716 693 3764 ita
710 3714 891 3763 unuciurerao
908 3715 997 3765 ordine
1011 3713 1192 3779 aegritudinem
1207 3723 1234 3764 et

54 3784 114 3832 Fin.
130 3782 164 3831 ll.
179 3781 204 3835 5.
228 3798 257 3849 p.
267 3782 319 3835 121.
353 3784 473 3850 Apprime
495 3784 551 3833 noti
576 3794 634 3833 eunt
659 3792 751 3831 metum
770 3781 911 3847 significari.

55 3860 82 3901 et
98 3848 248 3929 pervulgati·
263 3848 299 3901 illi
315 3864 400 3903 vercor
417 3850 573 3900 ciceroniani
610 3868 634 3899 r.
710 3849 760 3915 die]
777 3850 839 3898 lle.
853 3850 974 3916 temporis
987 3848 1176 3916 longinquitate.
1201 3850 1232 3901 V.

53 3918 237 3981 Qnmctil.Xl,
248 3918 272 3971 l.
290 3918 369 3969 Cicer.
384 3918 500 3969 deollic.
512 3921 530 3967 t.
543 3917 585 3979 ¹2¹2,
598 3918 634 3972 t'i.
661 3915 789 3966 Adnotatu
806 3916 831 3965 in
851 3918 892 3967 tlt.
910 3917 958 3975 30,
976 3914 1018 3969 74.

53 3984 228 4047 keeretx,
248 3984 329 4049 ml:
712 3986 791 4045 utu.
826 3984 930 4052 Etenim]
947 3987 977 4035 V.
994 3983 1026 4033 ad
1043 3987 1088 4036 tlt.
1105 3984 1135 4047 9,
1153 3984 1197 4037 Ιλθ.

82 4052 636 4105 OfortuuataurnctemmecouraleRomam.
712 4056 798 4114 inquo
815 4055 909 4117 operae]
936 4056 977 4103 Or.
996 4069 1017 4102 o
1034 4054 1063 4103 ll.
1081 4054 1106 4104 P.
1127 4052 1193 4107 Gud.
1211 4052 1233 4105 l.

84 4118 185 4170 Cedent
209 4136 280 4171 me
297 4130 386 4189 togae,
412 4120 536 4171 concedat
553 4120 636 4170 laurea
663 4136 712 4167 runo
729 4122 774 4167 Ox.
794 4120 873 4170 llehd.
890 4124 919 4170 A.
932 4123 962 4169 V.
979 4122 1014 4169 Μ.
1031 4122 1058 4173 L.
1073 4121 1154 4171 Gebh.
1173 4123 1234 4169 Dar.

51 4202 54 4209 ·
126 4200 129 4205 ’
484 4186 561 4238 laudi.
662 4186 740 4237 edidit
758 4190 782 4235 iu
796 4203 858 4249 quo,
876 4186 912 4237 ric
928 4188 1066 4254 explicans:
1085 4189 1109 4236 iu
1126 4205 1174 4252 qim
1189 4204 1234 4233 ae-

52 4254 164 4305 ·Direrra
180 4264 221 4306 ert
237 4272 268 4307 eu
286 4255 380 4322 figura,
408 4272 482 4322 quam
506 4255 636 4322 appellent
661 4253 787 4321 gritudine
810 4255 925 4321 pellenda
948 4274 962 4304 a
986 4253 1156 4319 Peripateticis
1184 4260 1232 4299 etc.

55 4324 248 4375 cllitterctioarnr
268 4326 302 4389 (r.
319 4324 352 4373 od
370 4324 389 4373 l.
404 4324 454 4381 35,
471 4325 540 4383 tto-l,
567 4322 635 4372 cuius
661 4325 716 4387 Ego
735 4338 758 4370 c.
774 4322 834 4371 Ero.
856 4332 882 4371 et
905 4320 1071 4385 compluribus
1094 4317 1153 4367 edd.
1171 4326 1234 4365 vett.

50 4388 138 4439 ¹etium
151 4390 218 4456 apud
235 4390 381 4441 Ciceronem
403 4390 481 4440 marltu
505 4389 634 4454 reperinn-
662 4400 688 4438 et
703 4386 786 4447 codd„
803 4389 877 4439 etium
892 4389 915 4437 b.
933 4398 960 4437 et
975 4386 1041 4435 Gud.
1057 4385 1094 4441 tt,
1111 4382 1193 4432 edidi:
1210 4388 1236 4435 tu

56 4466 102 4506 tur
117 4456 240 4523 exernpla,
258 4469 285 4507 ut
301 4458 334 4508 dc
348 4460 405 4508 sen.
425 4461 470 4509 tr:
488 4460 574 4507 reuoca
587 4458 637 4505 eine
661 4472 723 4520 quo:
745 4472 819 4521 quom
838 4457 987 4521 scripturam
1010 4456 1085 4503 num
1105 4467 1136 4500 ex
1159 4468 1236 4519 prava

40 4532 135 4575 'nm
170 4526 250 4591 Supra
269 4527 289 4575 l.
309 4528 355 4586 ttt,
371 4524 418 4576 4¹2:
437 4535 465 4574 nt
480 4523 638 4591 potissimum
661 4523 785 4589 scriptura
800 4538 877 4586 opere,
896 4521 930 4569 uti
944 4531 982 4569 eet
996 4519 1021 4568 in
1032 4519 1111 4568 ltarb.
1128 4529 1153 4569 et
1164 4526 1236 4586 Aug„

52 4592 135 4643 'cidon’
151 4594 222 4643 uideo
238 4592 365 4642 Peucetio.
396 4594 440 4642 lll.
456 4592 504 4650 3²,
523 4591 570 4643 77:
588 4607 638 4640 non
664 4601 745 4642 ortum
768 4602 848 4655 putet.
884 4593 986 4650 tuque,
1009 4587 1034 4638 lt.
1052 4606 1073 4637 c.
1092 4587 1117 4637 in
1134 4606 1183 4656 qua
1200 4607 1235 4648 re,

57 4660 118 4711 ntia
134 4659 198 4711 milri
213 4662 310 4711 emetur
323 4662 410 4710 uidisse
432 4660 482 4710 lroc
496 4658 638 4708 Cleanthes.
663 4659 689 4708 in
713 4658 856 4725 qureerendo
876 4655 953 4705 modo
975 4655 1144 4722 aegritudinis.
1180 4660 1235 4709 ttu-

54 4726 145 4793 ttuper
160 4726 195 4779 dc
209 4726 249 4777 hie
263 4726 349 4793 figuris
363 4726 402 4775 ele
432 4736 490 4776 nter
504 4724 641 4793 dirputavit
665 4730 725 4777 trine
739 4734 868 4790 receperat
883 4728 908 4773 iu
922 4740 976 4787 qno,
993 4723 1038 4775 ced
1052 4743 1117 4776 nnrrc
1132 4725 1157 4773 in
1171 4723 1235 4774 ueto.

58 4794 189 4857 Meter
201 4794 235 4845 ed
246 4794 318 4845 laet.
331 4790 401 4853 'tbi
420 4828 435 4855 .‚
451 4794 554 4845 tcudmo
570 4798 642 4855 corp.
665 4811 692 4860 p.
706 4792 761 4846 too.
779 4792 891 4858 praefert
907 4797 933 4843 tn
946 4808 1002 4857 quo.

57 4862 170 4941 Poppedio
193 4862 281 4912 Ueber
307 4860 332 4911 d.
359 4859 428 4909 Rcinr
446 4878 471 4909 u.
495 4861 522 4913 d.
537 4860 640 4913 Gleich-
718 4862 791 4924 ,lepre
813 4860 903 4928 tutirre]
931 4864 1124 4927 argumentator
1150 4859 1238 4909 Cicero

58 4926 159 4997 thergo.
188 4930 306 4979 Miiurter
324 4927 395 4981 1036.
414 4928 545 5009 pfflrqcp.
667 4929 718 4978 hoc
734 4929 788 4978 fere
806 4928 895 4979 modo:
921 4928 986 4987 Pac,
1005 4930 1148 4997 Rupilium,
1164 4939 1239 5000 qutpm

15 5048 18 5055 ,
54 5024 60 5031 -
108 5012 181 5059 quem
202 4994 556 5061 centumcentur,
576 4997 614 5048 to.
669 4995 720 5045 cirre
734 4994 814 5047 freter
830 4994 1073 5061 repulumtulinet,
1090 4993 1242 5043 moderatius

914 5063 993 5123 23*
