2888 5512
10 9 1016 383 a

235 536 240 545 ι

505 750 631 801 ιιιιιιιι
651 752 683 801 ιι.
700 748 749 813 to,
766 749 808 803 o‘t
1181 742 1245 809 tou

57 870 250 953 noriboisqne
262 869 364 934 verbis
379 881 553 953 prosecutos
566 880 648 933 esset
662 869 845 952 molesteque
861 890 894 933 se
909 871 1034 935 dixisset
1051 874 1141 952 terre,
1167 878 1242 959 qnod

59 1004 128 1047 eum
148 980 461 1064 nonposseteudire3
486 991 516 1041 et
535 980 600 1042 ille:
633 979 681 1043 Tu
700 1000 793 1057 vero,
819 980 928 1063 inquit,
957 993 1060 1065 potes,
1090 1004 1242 1048 neeeonr-

17 1156 21 1163 .
54 1093 194 1169 mittem,
224 1100 257 1153 nt
270 1090 355 1152 dolor
372 1090 506 1173 eorporis
524 1089 645 1167 elboiat,
677 1091 833 1152 utlrnstrn
853 1100 950 1153 tentus
968 1092 1066 1155 rirnd
1086 1114 1132 1156 me
1152 1115 1242 1159 vene·

55 1204 107 1267 rit.
156 1200 260 1284 ltaque
278 1200 431 1276 narrabat,
455 1220 520 1262 euru
537 1200 668 1281 graviter
682 1210 712 1261 et
728 1200 847 1283 copiose
864 1200 899 1262 de
915 1200 970 1262 ltoe
985 1202 1062 1285 ipso,
1087 1204 1158 1267 nilnil
1174 1226 1241 1269 esso

54 1314 182 1391 bonnm,
205 1312 262 1375 nisi
279 1311 357 1394 qnod
373 1314 480 1373 essett
498 1310 666 1387 honestum,
691 1310 845 1373 nubentem
862 1311 1069 1394 disputavisse,
1093 1336 1241 1398 quumque

56 1422 144 1507 qnasi
161 1422 244 1485 isoes
260 1421 289 1484 ei
307 1420 419 1483 doloris
440 1419 686 1497 admoverentur,
710 1440 800 1503 snepe
819 1419 954 1482 dixisses
977 1419 1062 1484 Nihil
1083 1424 1166 1507 egis,
1189 1425 1241 1488 do-

55 1534 121 1598 lor!
148 1530 283 1615 quemvis
304 1529 346 1593 sis
367 1529 526 1606 molestus,
552 1550 697 1612 truntqnnm
721 1539 748 1591 te
772 1550 840 1592 esse
863 1531 1027 1593 cottiitebor
1048 1533 1168 1597 malum.

146 1638 268 1706 XXVl.
314 1648 369 1703 ut.
405 1636 594 1723 Omninoque
611 1660 713 1702 omnes
730 1639 801 1701 elnri
823 1651 854 1702 et
875 1641 1019 1705 nobilitati
1035 1642 1153 1707 labores
1171 1666 1242 1709 eon·

60 1752 231 1817 tendendo¹
251 1751 323 1813 liunt
340 1750 427 1813 etism
444 1750 623 1813 tolerabiles.
672 1747 865 1827 videmusne,
890 1762 921 1813 ut
936 1752 1037 1835 spud²
1051 1775 1125 1836 qnos
1137 1774 1241 1819 eorum

129 1902 296 1954 bsielid’.
314 1901 381 1953 Gud.
401 1899 464 1953 l.2.
483 1900 589 1968 aliiqur3
618 1904 660 1950 Or.
678 1918 699 1951 e.
718 1900 784 1965 rnlg.
803 1902 923 1951 boueslttttt
940 1908 1003 1951 esset
1045 1903 1144 1952 xxvi.
1182 1905 1244 1955 ltt.

58 1970 170 2025 leont.
181 1971 205 2021 l.
219 1975 366 2035 stultum
384 1970 429 2021 Gr.
437 1969 461 2017 b.
475 1969 540 2019 Gud.
551 1972 559 2017 l
564 1971 582 2018 l.
594 1968 679 2019 Dnisb.
690 1972 961 2031 nnus01.coutemptu,·
979 1968 1053 2035 uulgo
1063 1976 1243 2035 contentorum

58 2039 103 2090 ed.
123 2036 331 2107 praestantissimo
348 2039 375 2088 Ρ.
393 2039 479 2088 eotedo.
516 2038 546 2088 V.
562 2036 626 2086 Adri.
662 2034 720 2084 2v.
739 2035 804 2086 Adn.

58 2140 161 2191 tiorem.
191 2138 230 2188 (ll.
244 2140 372 2189 Μολίνη
386 2138 418 2189 de
435 2136 518 2187 Posid.
531 2137 638 2193 Rhodio,
665 2135 833 2197 admirentur,
853 2137 894 2204 qui
913 2136 1085 2205 Olympiorum
1103 2138 1242 2202 victorium,

58 2208 143 2275 Logd.
163 2208 190 2257 ll.
212 2206 284 2258 teto.
299 2224 327 2273 p.
342 2206 373 2258 16
382 2224 421 2273 sq.
666 2214 693 2251 nt
710 2204 823 2270 superius
841 2204 918 2265 dixit,
945 2207 1073 2274 antiquum
1091 2209 1159 2258 illum
1178 2226 1240 2261 con-

108 2276 205 2339 llaqtet]
232 2289 279 2340 pro
302 2280 324 2323 et
343 2278 378 2323 e'to
403 2272 510 2339 positum
536 2272 639 2322 inservit
663 2271 769 2321 solutum
783 2272 942 2331 urbitrootnr,
961 2274 987 2325 bi
1001 2287 1073 2326 ιιιιιιο
1087 2277 1239 2329 luciliusln·

59 2342 237 2395 adnectendae
250 2340 368 2399 orationi,
387 2352 413 2391 ut
422 2340 574 2406 respondent
589 2358 639 2390 uo-
664 2338 738 2387 bores
750 2356 794 2387 eos
807 2340 988 2405 perpetiuntur,
1003 2356 1096 2409 qunute
1108 2345 1133 2394 in
1144 2346 1241 2397 meiere

59 2422 127 2463 suo:
146 2412 198 2459 tend
213 2423 256 2469 so,
274 2418 301 2459 et
317 2408 401 2459 ltslico
417 2412 499 2460 ecosi.
536 2408 566 2457 V.
582 2411 640 2458 For·
666 2404 795 2455 felicitatis
809 2416 880 2470 poue
895 2420 1017 2471 porruut.··
1054 2412 1146 2461 Contio
1161 2431 1240 2465 noes-

60 2482 147 2531 eellinr't'
162 2477 242 2529 Tlres.
259 2474 344 2525 Latin.
360 2475 386 2527 b.
401 2493 423 2527 n.
461 2478 562 2526 Oreltins
584 2492 640 2524 enm
665 2471 749 2521 bulum
767 2475 925 2522 contendendo
949 2472 1006 2523 lruie
1030 2475 1087 2526 loeo
1110 2478 1241 2543 longeest

61 2549 180 2599 omisere
195 2542 279 2595 locum
295 2542 334 2593 sie
348 2542 574 2609 interpungendum
590 2560 641 2609 pu-
666 2539 829 2606 aptissimum.
860 2541 924 2589 Nom
940 2541 1074 2607 superioris
1091 2544 1242 2610 disputatio-

61 2624 111 2663 tst:
132 2614 230 2674 ltaque,
247 2614 378 2672 emetat,
394 2627 446 2662 eunt
465 2621 525 2660 cett.
666 2607 705 2657 nis
730 2608 799 2673 (iude
816 2624 831 2655 n
848 2624 869 2655 c.
885 2612 933 2663 Ἡ,
951 2609 992 2659 51.
1018 2628 1093 2677 usque
1118 2612 1151 2661 nd
1172 2612 1196 2663 b.
1212 2613 1241 2681 l.)

113 2678 249 2743 ament]
266 2681 380 2739 „crebere
395 2695 470 2743 saepe
486 2678 577 2727 dicitur
594 2696 641 2744 pro
668 2686 741 2740 oetpnt
759 2675 784 2723 in
802 2692 832 2724 eo
852 2674 1012 2740 versabatur,
1039 2690 1065 2727 ut
1083 2678 1243 2731 demonstre-

61 2750 224 2810 tteorsluutest
242 2750 326 2795 itenere.
362 2746 404 2796 ste
426 2746 489 2794 Hor.
507 2748 560 2795 Sot.
578 2748 596 2794 l.
616 2746 640 2803 ll,
667 2752 743 2799 retur,
761 2741 926 2791 firmissimum
943 2755 1030 2793 crtrurn
1048 2745 1149 2796 dolores
1168 2766 1243 2815 prae-

67 2816 117 2867 18:
136 2812 334 2863 Trnns'l'iberirn
350 2812 427 2879 longe
441 2816 510 2863 cubet
526 2813 546 2861 is
561 2830 642 2879 prope
667 2808 756 2858 sidium
770 2810 878 2876 positum
894 2827 948 2859 esse
961 2811 986 2859 in
999 2818 1149 2864 contentione.
1175 2819 1243 2867 nent·

66 2880 184 2943 &auris
201 2878 313 2929 tuomet
347 2882 430 2931 bloser.
668 2880 707 2926 leil
724 2878 866 2927 coniectum
885 2877 997 2928 lirmutur
1014 2897 1063 2930 uno
1081 2881 1138 2932 cod.
1158 2882 1243 2933 lmlle-

114 2950 189 3013 qnasi
208 2949 273 3009 {sets
295 2949 394 3016 doloris]
421 2946 537 3013 Elegnnti
560 2957 641 2997 mets·
668 2944 766 3004 menni,
791 2961 895 3010 eamque
912 2963 999 2996 omnies
1015 2949 1166 3001 recentiores
1184 2950 1241 3001 edi·

99 3032 145 3066 ors
160 3030 209 3082 pro
222 3017 394 3066 ardentissimis
407 3019 533 3065 doloribus.
565 3016 638 3064 Ollio.
667 3022 736 3061 tores
758 3023 913 3078 receperunt.
951 3013 1001 3062 Sed
1016 3018 1092 3067 ttoser
1107 3018 1240 3085 legendum

75 3082 642 3143 l.ltl‚37:dotoremonmodmoeentorle-
667 3080 806 3146 suspicetur
840 3086 1087 3135 contemnendo
1120 3090 1240 3139 dolore

62 3168 121 3213 ees,
144 3156 242 3213 proeter
257 3152 355 3199 modum
370 3154 475 3213 plerique
492 3156 641 3200 exterrentur.
667 3150 726 3208 fiunt
741 3159 807 3207 ete,
835 3165 910 3215 quum
933 3148 965 3198 de
981 3158 1145 3205 contemnendo
1160 3158 1240 3205 dolore

10 3216 15 3249 ··’
63 3218 106 3269 stc
125 3216 194 3267 iutro
212 3218 242 3267 V.
257 3216 300 3277 ¹27,
317 3216 363 3269 76:
391 3218 471 3267 Dolor
488 3232 536 3268 esse
551 3221 643 3267 tridetnr
668 3213 734 3282 loqui
752 3215 816 3265 velle
834 3218 944 3267 blnrcnrn
968 3228 992 3267 et
1012 3238 1042 3268 ex
1064 3224 1240 3273 nrrtecedenti-

10 3320 12 3331 .
61 3289 195 3337 nutrimus
208 3286 293 3334 uirtuti
305 3286 475 3347 edomemus,-
490 3292 511 3335 ts
526 3284 641 3334 ardentes
667 3283 711 3332 bns
729 3292 755 3332 et
776 3301 805 3333 ex
820 3302 886 3352 seqq.
905 3296 996 3352 putent.
1033 3292 1178 3352 Omninoque
1192 3290 1240 3338 de-

10 3370 13 3421 2
63 3354 133 3403 fam
147 3356 255 3401 inimi.
279 3350 341 3401 Aliis
357 3352 418 3402 loeis
434 3356 560 3416 succepto
576 3352 641 3402 iuci-
666 3361 801 3413 monstret,
821 3351 856 3401 itu
875 3353 956 3418 pergit
973 3354 1002 3400 V.
1022 3356 1069 3415 D.,
1086 3356 1242 3403 nnteeeden-

10 3450 12 3455 ·
62 3419 183 3471 umstuis
198 3429 334 3486 ponuntur,
353 3430 379 3469 nt
395 3422 414 3469 l.
429 3420 467 3473 lli.
483 3422 531 3470 dl:
550 3438 640 3487 quum-
665 3419 701 3467 tin
722 3418 761 3467 his
786 3419 868 3467 uerbis
891 3419 979 3483 respici
1005 3418 1085 3482 iisque
1108 3419 1242 3468 trnnsitio-

10 3524 13 3533 ,
63 3504 112 3555 que
137 3488 253 3553 eorporis
277 3485 374 3537 ionibus
394 3486 540 3537 inllummnri
556 3488 642 3537 solen·
667 3502 724 3534 nem
739 3484 790 3533 lieri
808 3484 841 3532 nd
856 3501 945 3548 seqq,
967 3484 1036 3547 quusi
1055 3484 1138 3531 dient:
1164 3485 1243 3533 Sicuti

63 3572 120 3605 snus
138 3554 172 3605 sd
188 3570 276 3603 ornnes
294 3554 349 3604 lere
366 3572 395 3605 en
412 3546 524 3604 iditntes.
561 3555 642 3605 Etiam
668 3568 729 3601 vero
746 3550 841 3599 doloris
864 3549 1054 3614 contemptione
1076 3555 1180 3601 vicmnnt
1198 3550 1244 3600 riri

64 3620 175 3671 terbum
198 3622 296 3671 masur·
325 3621 359 3671 de
386 3572 515 3671 ditionibus
542 3622 641 3671 dicitnr.
668 3617 794 3683 sepientes
810 3616 923 3681 eorporis
940 3615 1055 3674 dolores,
1080 3617 1149 3667 iterii
1168 3617 1242 3668 lubo-

65 3690 177 3739 Oettsner
197 3684 257 3737 tt.
277 3704 356 3755 semp.
375 3690 430 3739 Fin.
452 3692 481 3738 ΙΙ.
499 3692 532 3739 tu
564 3700 643 3737 extr:
669 3701 709 3733 res
733 3684 796 3732 fiuent
818 3686 982 3732 contemnendo
1006 3685 1085 3733 dolore
1106 3689 1243 3749 tolerabiles,

14 3766 17 3771 '
64 3770 149 3821 qurum
177 3769 263 3803 onnes
286 3766 351 3807 setus
376 3760 460 3807 ardere
489 3755 642 3805 vitlerrntur.
669 3752 773 3819 quibus,
802 3750 844 3817 qni
868 3749 974 3815 impigre
999 3761 1024 3800 et
1048 3768 1144 3803 summo
1167 3754 1243 3805 enimi

21 3828 25 3833 '
65 3824 98 3873 V.
107 3824 151 3873 31.
163 3830 243 3871 extr-t
259 3827 438 3890 qttnmnrderet
453 3823 579 3891 podagros
594 3822 644 3871 do-
670 3818 761 3869 nrdore
777 3817 937 3874 incumbunt,
966 3817 1091 3869 nobilitari
1113 3822 1195 3871 solent
1218 3834 1243 3873 et

63 3890 169 3941 loribtrs.
671 3885 730 3936 cleri
748 3885 808 3934 lieri.
847 3887 899 3941 ltu,
926 3895 953 3934 ut
970 3886 1018 3935 boc
1036 3897 1105 3949 ntur,
1133 3889 1242 3940 videmus

108 3960 175 4009 b'iltit
190 3956 256 4025 nqis]
275 3959 306 4008 li.
316 3976 339 4009 e.
355 3958 417 4009 nihil
434 3958 522 4017 ellteis,
541 3974 644 4024 opernm
670 3965 719 4003 etc.
764 3954 851 4019 Neque
875 3955 979 4003 Nissenio
1004 3954 1125 4020 probetur
1147 3960 1244 4009 Bentleii

67 4024 161 4093 perdi·-
197 4028 301 4077 θώων
323 4027 421 4095 profert
440 4025 519 4092 Epist.
537 4027 585 4075 ΧΙ.
601 4026 643 4086 ἳὸ,
670 4021 826 4072 coniectura:
845 4037 910 4079 nram,
929 4021 971 4081 nit,
990 4021 1022 4071 de
1041 4025 1199 4075 contentione
1216 4028 1243 4076 in

68 4094 113 4146 td:
145 4102 214 4143 metu
242 4092 317 4143 nobis
341 4104 491 4161 extorquere
515 4103 644 4145 conentur,
670 4088 780 4139 terentis
804 4087 929 4138 laboribus
948 4089 1089 4142 erllribeuds
1109 4112 1183 4144 suun
1201 4094 1244 4143 di-

65 4156 117 4211 &d
130 4160 193 4210 nibil
205 4166 291 4225 sgull.
318 4162 439 4212 llndnben.
451 4160 483 4211 nd
495 4160 569 4211 litrtil.
581 4162 643 4226 Lup.
670 4168 737 4207 dnm
752 4164 805 4216 est;
823 4172 902 4223 neque
917 4155 1024 4225 denique
1034 4162 1126 4211 Klotzio
1141 4180 1166 4211 ru
1178 4162 1242 4210 ndu.

69 4230 97 4278 tt.
119 4230 157 4278 ll.
177 4246 201 4294 p.
218 4228 273 4279 tttt
670 4242 695 4290 p.
711 4226 804 4289 llilsq.
815 4260 822 4283 ,
848 4224 890 4291 qui
914 4242 928 4274 e
946 4227 1060 4277 codicum
1082 4229 1244 4277 lluetuatione

114 4310 241 4359 mquam
256 4322 291 4333 -
304 4296 406 4363 molum]
425 4295 503 4345 Stoici
520 4296 586 4344 euim
603 4295 645 4344 di·
672 4297 706 4359 lv.
722 4293 752 4339 V.
767 4292 830 4353 Ser.)
848 4292 984 4353 menindit,
1001 4295 1026 4342 in
1041 4294 1181 4359 archetypo
1197 4311 1243 4340 ne-

53 4358 174 4423 ‘oebnn
218 4371 301 4412 meter
316 4364 498 4429 turpitudinem
514 4363 575 4412 nibil
591 4380 645 4412 esse
670 4359 1243 4427 qtreeontentnendo,nequeeonlendendolusisse,

67 4427 176 4489 mim
210 4429 307 4479 olorem
325 4429 408 4495 igitur,
426 4431 484 4498 quin
501 4430 578 4496 turpis
594 4446 645 4479 non
671 4426 715 4475 sed
729 4427 901 4491 compendium
914 4427 1048 4492 quoddam,
1068 4426 1136 4489 quod
1152 4425 1244 4476 librurii

66 4505 145 4559 met,
161 4486 209 4547 ulte
223 4496 315 4547 malum
332 4516 386 4549 esse
402 4508 428 4549 et
443 4497 576 4547 terendum
593 4512 647 4545 esse
672 4492 741 4542 vario
754 4493 831 4543 modo
846 4493 1005 4558 interpr-etuti
1020 4493 1077 4547 sint,
1097 4492 1243 4558 legendnm-

67 4564 130 4615 τίω.
166 4562 208 4614 (ll.
224 4564 281 4613 tin.
298 4566 330 4623 V,
347 4564 390 4617 31.
672 4577 720 4627 que
734 4560 871 4626 ntrspiestnr
887 4564 1003 4619 continno,
1021 4568 1048 4607 ut
1063 4558 1125 4610 buec
1139 4561 1172 4610 sit
1185 4580 1245 4613 sena

118 4631 180 4681 css.
194 4630 293 4682 XXVl.
312 4633 334 4685 d.
346 4632 388 4683 6¹2.
418 4634 587 4696 contendendo]
607 4629 648 4680 sic
672 4627 764 4677 tentia:
783 4628 903 4681 ..simulne
921 4627 980 4675 eluti
996 4637 1022 4675 et
1037 4627 1163 4679 nobilitati
1178 4642 1245 4695 strrtt,

67 4714 113 4765 pro
131 4697 237 4763 vulg-to
254 4690 421 4750 contemnendo
442 4700 576 4765 legendum
593 4714 648 4747 esse
672 4695 756 4744 stetim
784 4696 845 4743 liunt
875 4694 949 4742 etium
982 4694 1006 4759 ti.
1026 4712 1048 4745 e.
1073 4710 1246 4766 proeterquum

174 4766 196 4815 it
207 4782 312 4815 sestmen
323 4770 426 4818 Bentleii.
451 4770 564 4834 Namque
573 4783 648 4833 quum
672 4762 741 4829 quod
761 4772 819 4811 surrt
838 4760 897 4811 cleri
914 4772 939 4809 rt
963 4762 1097 4829 nobilitati)
1124 4766 1247 4816 tolernbi-

35 4834 39 4843 '
67 4782 174 4887 minu
191 4832 351 4899 intelligendi
378 4834 428 4884 nint
453 4835 504 4885 ludi
529 4833 648 4901 gymnici,
673 4830 734 4880 les.·‘
771 4829 831 4878 blihi
847 4846 907 4878 vero
930 4829 993 4880 haee
1013 4836 1136 4883 sententio
1155 4844 1180 4883 et
1197 4834 1245 4885 nd-

70 4898 219 4951 voffllm
234 4905 403 4953 contremendo
418 4900 550 4953 nbsurdnrn
568 4900 646 4966 nigni-
671 4897 773 4947 modium
789 4896 905 4962 longuida
921 4897 1088 4949 videturesse
1105 4914 1129 4949 et
1145 4902 1176 4949 nb
1197 4901 1248 4950 hoc

22 5022 25 5027 ,
70 4960 336 5029 Momentum,
362 4970 494 5021 obscurum
517 4986 573 5021 sess
595 4984 646 5018 non
673 4965 730 5016 loeo
748 4964 836 5014 eliens.

67 5044 163 5099 potest.
206 5038 319 5097 „lsnmo‚
345 5036 424 5103 inquit
451 5038 579 5097 llenllelut,
604 5036 646 5101 qni
728 5034 873 5091 trumuine,
889 5038 914 5079 ut
928 5030 989 5095 eto]
1007 5033 1049 5081 Sir.
1064 5035 1092 5081 tt,
1107 5036 1131 5081 Ρ.
1148 5030 1247 5079 eraut.
