<?xml version="1.0" encoding="UTF-8"?>
<!DOCTYPE html PUBLIC "-//W3C//DTD XHTML 1.0 Transitional//EN"
    "http://www.w3.org/TR/xhtml1/DTD/xhtml1-transitional.dtd">
<html xmlns="http://www.w3.org/1999/xhtml" xml:lang="en" lang="en">
 <head>
  <title>
</title>
<meta http-equiv="Content-Type" content="text/html;charset=utf-8" />
  <meta name='ocr-system' content='tesseract 3.04.00' />
  <meta name='ocr-capabilities' content='ocr_page ocr_carea ocr_par ocr_line ocrx_word'/>
</head>
<body>
  <div class='ocr_page' id='page_1' title='image "./mtulliiciceroni00khgoog_0281.png"; bbox 0 0 2888 5512; ppageno 0'>
   <div class='ocr_carea' id='block_1_1' title="bbox 224 326 956 396">
    <p class='ocr_par' dir='ltr' id='par_1_1' title="bbox 224 326 956 396">
     <span class='ocr_line' id='line_1_1' title="bbox 224 326 956 396; baseline -0.012 -3"><span class='ocrx_word' id='word_1_1' title='bbox 224 326 288 393; x_wconf 73' lang='lat'><strong>950</strong></span> <span class='ocrx_word' id='word_1_2' title='bbox 679 337 802 388; x_wconf 83' lang='grc' dir='ltr'><strong>ιιιιιιι</strong></span> <span class='ocrx_word' id='word_1_3' title='bbox 822 338 865 386; x_wconf 96' lang='grc' dir='ltr'><strong>ιιι.</strong></span> <span class='ocrx_word' id='word_1_4' title='bbox 882 334 914 396; x_wconf 81' lang='grc' dir='ltr'><strong>ι,</strong></span> <span class='ocrx_word' id='word_1_5' title='bbox 932 334 956 384; x_wconf 80' lang='lat' dir='ltr'><strong>a.</strong></span> 
     </span>
    </p>
   </div>
   <div class='ocr_carea' id='block_1_2' title="bbox 221 450 1406 1314">
    <p class='ocr_par' dir='ltr' id='par_1_2' title="bbox 221 450 1406 1314">
     <span class='ocr_line' id='line_1_2' title="bbox 225 450 1406 547; baseline -0.007 -22"><span class='ocrx_word' id='word_1_6' title='bbox 225 459 421 547; x_wconf 72' lang='lat' dir='ltr'><strong>praestantius</strong></span> <span class='ocrx_word' id='word_1_7' title='bbox 443 458 621 534; x_wconf 84' lang='lat' dir='ltr'><strong>honoribus,</strong></span> <span class='ocrx_word' id='word_1_8' title='bbox 646 455 795 538; x_wconf 85' lang='lat' dir='ltr'><strong>imperiis,</strong></span> <span class='ocrx_word' id='word_1_9' title='bbox 825 452 957 537; x_wconf 86' lang='lat' dir='ltr'><strong>populari</strong></span> <span class='ocrx_word' id='word_1_10' title='bbox 979 450 1074 534; x_wconf 86' lang='lat' dir='ltr'><strong>gloria</strong></span> <span class='ocrx_word' id='word_1_11' title='bbox 1092 452 1316 515; x_wconf 79' lang='lat' dir='ltr'><strong>iudicaverunt.</strong></span> <span class='ocrx_word' id='word_1_12' title='bbox 1363 455 1406 517; x_wconf 66' lang='lat' dir='ltr'><strong>ali</strong></span> 
     </span>
     <span class='ocr_line' id='line_1_3' title="bbox 223 562 1404 656; baseline -0.006 -22"><span class='ocrx_word' id='word_1_13' title='bbox 223 592 308 656; x_wconf 89' lang='lat' dir='ltr'><strong>quam</strong></span> <span class='ocrx_word' id='word_1_14' title='bbox 334 571 428 633; x_wconf 80' lang='lat' dir='ltr'><strong>sertor</strong></span> <span class='ocrx_word' id='word_1_15' title='bbox 454 570 579 652; x_wconf 90' lang='lat' dir='ltr'><strong>optimus</strong></span> <span class='ocrx_word' id='word_1_16' title='bbox 600 567 722 649; x_wconf 89' lang='lat' dir='ltr'><strong>quisque</strong></span> <span class='ocrx_word' id='word_1_17' title='bbox 745 584 907 646; x_wconf 86' lang='lat' dir='ltr'><strong>veramque</strong></span> <span class='ocrx_word' id='word_1_18' title='bbox 933 563 1011 625; x_wconf 89' lang='lat' dir='ltr'><strong>iilam</strong></span> <span class='ocrx_word' id='word_1_19' title='bbox 1034 562 1222 626; x_wconf 74' lang='lat' dir='ltr'><strong>honestatem</strong></span> <span class='ocrx_word' id='word_1_20' title='bbox 1248 573 1404 647; x_wconf 84' lang='lat' dir='ltr'><strong>expetens,</strong></span> 
     </span>
     <span class='ocr_line' id='line_1_4' title="bbox 224 671 1403 766; baseline -0.005 -24"><span class='ocrx_word' id='word_1_21' title='bbox 224 702 309 766; x_wconf 84' lang='lat' dir='ltr'><strong>quoru</strong></span> <span class='ocrx_word' id='word_1_22' title='bbox 336 685 419 744; x_wconf 64' lang='lat' dir='ltr'><strong>una*</strong></span> <span class='ocrx_word' id='word_1_23' title='bbox 445 689 549 742; x_wconf 89' lang='lat' dir='ltr'><strong>natura</strong></span> <span class='ocrx_word' id='word_1_24' title='bbox 569 677 697 740; x_wconf 83' lang='lat' dir='ltr'>maxime</span> <span class='ocrx_word' id='word_1_25' title='bbox 718 676 881 758; x_wconf 73' lang='lat' dir='ltr'><strong>inquirit2,</strong></span> <span class='ocrx_word' id='word_1_26' title='bbox 907 674 936 735; x_wconf 93' lang='lat' dir='ltr'><strong>iu</strong></span> <span class='ocrx_word' id='word_1_27' title='bbox 960 693 1075 734; x_wconf 89' lang='lat' dir='ltr'><strong>summa</strong></span> <span class='ocrx_word' id='word_1_28' title='bbox 1096 671 1244 735; x_wconf 88' lang='lat' dir='ltr'><strong>inanitate</strong></span> <span class='ocrx_word' id='word_1_29' title='bbox 1269 685 1403 737; x_wconf 77' lang='lat' dir='ltr'><strong>versatur</strong></span> 
     </span>
     <span class='ocr_line' id='line_1_5' title="bbox 223 782 1404 873; baseline -0.007 -18"><span class='ocrx_word' id='word_1_30' title='bbox 223 802 467 873; x_wconf 68' lang='lat' dir='ltr'><strong>consectaturque</strong></span> <span class='ocrx_word' id='word_1_31' title='bbox 485 790 592 851; x_wconf 84' lang='grc' dir='ltr'><strong>ιιιιΙΙιιιιι</strong></span> <span class='ocrx_word' id='word_1_32' title='bbox 610 787 786 849; x_wconf 84' lang='lat' dir='ltr'><strong>eminentem</strong></span> <span class='ocrx_word' id='word_1_33' title='bbox 804 785 927 866; x_wconf 80' lang='lat' dir='ltr'><strong>ethgicm</strong></span> <span class='ocrx_word' id='word_1_34' title='bbox 946 782 1109 858; x_wconf 57' lang='lat' dir='ltr'><strong>virtutisss,</strong></span> <span class='ocrx_word' id='word_1_35' title='bbox 1135 783 1187 843; x_wconf 86' lang='lat' dir='ltr'><strong>sed</strong></span> <span class='ocrx_word' id='word_1_36' title='bbox 1204 782 1404 847; x_wconf 87' lang='lat' dir='ltr'><strong>adumbratam</strong></span> 
     </span>
     <span class='ocr_line' id='line_1_6' title="bbox 222 894 1400 986; baseline -0.006 -21"><span class='ocrx_word' id='word_1_37' title='bbox 222 902 377 986; x_wconf 77' lang='lat' dir='ltr'><strong>imaginem</strong></span> <span class='ocrx_word' id='word_1_38' title='bbox 395 901 520 983; x_wconf 85' lang='lat' dir='ltr'><strong>gloriae.</strong></span> <span class='ocrx_word' id='word_1_39' title='bbox 567 897 623 961; x_wconf 84' lang='lat' dir='ltr'><strong>Est</strong></span> <span class='ocrx_word' id='word_1_40' title='bbox 643 896 720 959; x_wconf 89' lang='lat' dir='ltr'><strong>enim</strong></span> <span class='ocrx_word' id='word_1_41' title='bbox 741 896 834 978; x_wconf 80' lang='lat' dir='ltr'><strong>glorio</strong></span> <span class='ocrx_word' id='word_1_42' title='bbox 852 894 944 956; x_wconf 89' lang='lat' dir='ltr'><strong>solida</strong></span> <span class='ocrx_word' id='word_1_43' title='bbox 963 894 1105 976; x_wconf 84' lang='lat' dir='ltr'><strong>quaedam</strong></span> <span class='ocrx_word' id='word_1_44' title='bbox 1125 914 1175 955; x_wconf 86' lang='lat' dir='ltr'><strong>res</strong></span> <span class='ocrx_word' id='word_1_45' title='bbox 1194 904 1223 956; x_wconf 88' lang='lat' dir='ltr'><strong>at</strong></span> <span class='ocrx_word' id='word_1_46' title='bbox 1248 914 1400 978; x_wconf 81' lang='lat' dir='ltr'><strong>expressa,</strong></span> 
     </span>
     <span class='ocr_line' id='line_1_7' title="bbox 223 1002 1403 1088; baseline -0.007 -13"><span class='ocrx_word' id='word_1_47' title='bbox 223 1033 281 1075; x_wconf 93' lang='lat' dir='ltr'><strong>non</strong></span> <span class='ocrx_word' id='word_1_48' title='bbox 306 1010 495 1088; x_wconf 78' lang='lat' dir='ltr'><strong>adnanhmta3</strong></span> <span class='ocrx_word' id='word_1_49' title='bbox 529 1030 563 1073; x_wconf 83' lang='lat' dir='ltr'><strong>ea</strong></span> <span class='ocrx_word' id='word_1_50' title='bbox 588 1019 634 1071; x_wconf 82' lang='lat' dir='ltr'><strong>eat</strong></span> <span class='ocrx_word' id='word_1_51' title='bbox 656 1007 846 1069; x_wconf 86' lang='lat' dir='ltr'><strong>consentiens</strong></span> <span class='ocrx_word' id='word_1_52' title='bbox 871 1005 936 1066; x_wconf 79' lang='lat' dir='ltr'><strong>lans</strong></span> <span class='ocrx_word' id='word_1_53' title='bbox 960 1003 1123 1079; x_wconf 85' lang='lat' dir='ltr'><strong>horrorum,</strong></span> <span class='ocrx_word' id='word_1_54' title='bbox 1152 1002 1322 1088; x_wconf 82' lang='lat' dir='ltr'><strong>incorrupta</strong></span> <span class='ocrx_word' id='word_1_55' title='bbox 1343 1026 1403 1067; x_wconf 77' lang='lat' dir='ltr'><strong>roa</strong></span> 
     </span>
     <span class='ocr_line' id='line_1_8' title="bbox 223 1090 1401 1198; baseline -0.008 -13"><span class='ocrx_word' id='word_1_56' title='bbox 223 1121 298 1185; x_wconf 88' lang='lat' dir='ltr'><strong>benc</strong></span> <span class='ocrx_word' id='word_1_57' title='bbox 319 1121 508 1184; x_wconf 89' lang='lat' dir='ltr'><strong>iudicantium</strong></span> <span class='ocrx_word' id='word_1_58' title='bbox 524 1121 560 1182; x_wconf 89' lang='lat' dir='ltr'><strong>de</strong></span> <span class='ocrx_word' id='word_1_59' title='bbox 577 1090 768 1182; x_wconf 80' lang='lat' dir='ltr'><strong>excellente²</strong></span> <span class='ocrx_word' id='word_1_60' title='bbox 789 1115 917 1190; x_wconf 70' lang='lat' dir='ltr'><strong>virtute,</strong></span> <span class='ocrx_word' id='word_1_61' title='bbox 948 1134 983 1175; x_wconf 88' lang='lat' dir='ltr'><strong>ea</strong></span> <span class='ocrx_word' id='word_1_62' title='bbox 1002 1113 1104 1175; x_wconf 89' lang='lat' dir='ltr'><strong>virtuti</strong></span> <span class='ocrx_word' id='word_1_63' title='bbox 1126 1125 1251 1176; x_wconf 78' lang='lat' dir='ltr'><strong>manunt</strong></span> <span class='ocrx_word' id='word_1_64' title='bbox 1272 1123 1401 1198; x_wconf 89' lang='lat' dir='ltr'><strong>tanquam</strong></span> 
     </span>
     <span class='ocr_line' id='line_1_9' title="bbox 221 1225 1403 1314; baseline -0.008 -19"><span class='ocrx_word' id='word_1_65' title='bbox 221 1233 360 1314; x_wconf 52' lang='lat' dir='ltr'><strong>imago&amp;</strong></span> <span class='ocrx_word' id='word_1_66' title='bbox 405 1228 491 1314; x_wconf 83' lang='lat' dir='ltr'><strong>Quae</strong></span> <span class='ocrx_word' id='word_1_67' title='bbox 508 1230 574 1313; x_wconf 92' lang='lat' dir='ltr'><strong>qnia</strong></span> <span class='ocrx_word' id='word_1_68' title='bbox 597 1239 678 1291; x_wconf 91' lang='lat' dir='ltr'><strong>recte</strong></span> <span class='ocrx_word' id='word_1_69' title='bbox 706 1229 847 1288; x_wconf 82' lang='lat' dir='ltr'><strong>tactorum</strong></span> <span class='ocrx_word' id='word_1_70' title='bbox 874 1225 1044 1309; x_wconf 87' lang='lat' dir='ltr'><strong>plerumque</strong></span> <span class='ocrx_word' id='word_1_71' title='bbox 1059 1244 1161 1287; x_wconf 84' lang='lat' dir='ltr'><strong>ccmca</strong></span> <span class='ocrx_word' id='word_1_72' title='bbox 1177 1234 1243 1303; x_wconf 84' lang='lat' dir='ltr'><strong>eat,</strong></span> <span class='ocrx_word' id='word_1_73' title='bbox 1280 1247 1337 1287; x_wconf 92' lang='lat' dir='ltr'><strong>non</strong></span> <span class='ocrx_word' id='word_1_74' title='bbox 1360 1236 1403 1289; x_wconf 83' lang='lat' dir='ltr'><strong>eat</strong></span> 
     </span>
    </p>
   </div>
   <div class='ocr_carea' id='block_1_3' title="bbox 220 1439 1442 4694">
    <p class='ocr_par' dir='ltr' id='par_1_3' title="bbox 220 1439 1442 4694">
     <span class='ocr_line' id='line_1_10' title="bbox 223 1439 1403 1524; baseline -0.008 -11"><span class='ocrx_word' id='word_1_75' title='bbox 223 1465 301 1513; x_wconf 83' lang='lat' dir='ltr'><strong>holten</strong></span> <span class='ocrx_word' id='word_1_76' title='bbox 315 1478 346 1513; x_wconf 80' lang='lat' dir='ltr'><strong>eu</strong></span> <span class='ocrx_word' id='word_1_77' title='bbox 362 1465 454 1524; x_wconf 70' lang='lat' dir='ltr'><strong>moen,</strong></span> <span class='ocrx_word' id='word_1_78' title='bbox 476 1439 562 1513; x_wconf 71' lang='lat' dir='ltr'><strong>hectone</strong></span> <span class='ocrx_word' id='word_1_79' title='bbox 579 1478 602 1510; x_wconf 83' lang='lat' dir='ltr'><strong>n</strong></span> <span class='ocrx_word' id='word_1_80' title='bbox 615 1460 702 1519; x_wconf 64' lang='lat' dir='ltr'><strong>aud,</strong></span> <span class='ocrx_word' id='word_1_81' title='bbox 728 1468 801 1508; x_wconf 80' lang='lat' dir='ltr'><strong>aaut</strong></span> <span class='ocrx_word' id='word_1_82' title='bbox 827 1456 881 1524; x_wconf 91' lang='lat' dir='ltr'><strong>qui,</strong></span> <span class='ocrx_word' id='word_1_83' title='bbox 900 1466 1013 1505; x_wconf 88' lang='lat' dir='ltr'><strong>naturam</strong></span> <span class='ocrx_word' id='word_1_84' title='bbox 1030 1453 1124 1515; x_wconf 75' lang='lat' dir='ltr'><strong>secuti,</strong></span> <span class='ocrx_word' id='word_1_85' title='bbox 1146 1463 1216 1505; x_wconf 85' lang='lat' dir='ltr'><strong>recta</strong></span> <span class='ocrx_word' id='word_1_86' title='bbox 1236 1454 1277 1505; x_wconf 82' lang='lat' dir='ltr'><strong>rel</strong></span> <span class='ocrx_word' id='word_1_87' title='bbox 1292 1454 1403 1505; x_wconf 83' lang='lat' dir='ltr'><strong>abcoluta</strong></span> 
     </span>
     <span class='ocr_line' id='line_1_11' title="bbox 222 1520 1403 1595; baseline -0.007 -16"><span class='ocrx_word' id='word_1_88' title='bbox 222 1530 357 1580; x_wconf 79' lang='lat' dir='ltr'><strong>admodum</strong></span> <span class='ocrx_word' id='word_1_89' title='bbox 383 1538 499 1579; x_wconf 87' lang='lat' dir='ltr'><strong>contorta</strong></span> <span class='ocrx_word' id='word_1_90' title='bbox 518 1538 556 1578; x_wconf 89' lang='lat' dir='ltr'><strong>eat</strong></span> <span class='ocrx_word' id='word_1_91' title='bbox 580 1542 659 1595; x_wconf 84' lang='lat' dir='ltr'><strong>neque</strong></span> <span class='ocrx_word' id='word_1_92' title='bbox 676 1526 700 1576; x_wconf 89' lang='lat' dir='ltr'><strong>in</strong></span> <span class='ocrx_word' id='word_1_93' title='bbox 718 1526 801 1576; x_wconf 78' lang='lat' dir='ltr'><strong>verbis</strong></span> <span class='ocrx_word' id='word_1_94' title='bbox 827 1523 1132 1579; x_wconf 75' lang='lat' dir='ltr'><strong>rationeirtatractisuut3</strong></span> <span class='ocrx_word' id='word_1_95' title='bbox 1150 1520 1275 1573; x_wconf 84' lang='lat' dir='ltr'><strong>hiantem</strong></span> <span class='ocrx_word' id='word_1_96' title='bbox 1286 1526 1403 1585; x_wconf 66' lang='lat' dir='ltr'><strong>niteant,</strong></span> 
     </span>
     <span class='ocr_line' id='line_1_12' title="bbox 223 1589 1402 1673; baseline -0.008 -26"><span class='ocrx_word' id='word_1_97' title='bbox 223 1598 319 1648; x_wconf 73' lang='lat' dir='ltr'><strong>Latinis</strong></span> <span class='ocrx_word' id='word_1_98' title='bbox 336 1598 409 1647; x_wconf 85' lang='lat' dir='ltr'><strong>ineat.</strong></span> <span class='ocrx_word' id='word_1_99' title='bbox 438 1599 492 1662; x_wconf 83' lang='lat' dir='ltr'><strong>lpse</strong></span> <span class='ocrx_word' id='word_1_100' title='bbox 508 1613 574 1645; x_wconf 88' lang='lat' dir='ltr'><strong>nunc</strong></span> <span class='ocrx_word' id='word_1_101' title='bbox 591 1596 615 1645; x_wconf 93' lang='lat' dir='ltr'><strong>iu</strong></span> <span class='ocrx_word' id='word_1_102' title='bbox 628 1594 691 1643; x_wconf 81' lang='lat' dir='ltr'><strong>add.</strong></span> <span class='ocrx_word' id='word_1_103' title='bbox 705 1612 729 1673; x_wconf 90' lang='lat' dir='ltr'><strong>p.</strong></span> <span class='ocrx_word' id='word_1_104' title='bbox 745 1594 799 1644; x_wconf 73' lang='lat'><strong>123.</strong></span> <span class='ocrx_word' id='word_1_105' title='bbox 827 1591 868 1659; x_wconf 87' lang='lat' dir='ltr'><strong>qui</strong></span> <span class='ocrx_word' id='word_1_106' title='bbox 886 1609 968 1641; x_wconf 84' lang='lat' dir='ltr'><strong>veram</strong></span> <span class='ocrx_word' id='word_1_107' title='bbox 986 1591 1141 1641; x_wconf 73' lang='lat' dir='ltr'><strong>honestatem</strong></span> <span class='ocrx_word' id='word_1_108' title='bbox 1166 1600 1304 1657; x_wconf 80' lang='lat' dir='ltr'><strong>expetunt,</strong></span> <span class='ocrx_word' id='word_1_109' title='bbox 1328 1589 1402 1641; x_wconf 90' lang='lat' dir='ltr'><strong>ceteri</strong></span> 
     </span>
     <span class='ocr_line' id='line_1_13' title="bbox 222 1657 1402 1725; baseline -0.007 -10"><span class='ocrx_word' id='word_1_110' title='bbox 222 1665 256 1715; x_wconf 93' lang='lat' dir='ltr'><strong>ad</strong></span> <span class='ocrx_word' id='word_1_111' title='bbox 274 1669 346 1715; x_wconf 83' lang='lat' dir='ltr'><strong>lr&#39;ea&#39;tit</strong></span> <span class='ocrx_word' id='word_1_112' title='bbox 364 1664 530 1713; x_wconf 76' lang='lat' dir='ltr'><strong>corniceturam</strong></span> <span class='ocrx_word' id='word_1_113' title='bbox 554 1662 673 1711; x_wconf 86' lang='lat' dir='ltr'><strong>inclinare</strong></span> <span class='ocrx_word' id='word_1_114' title='bbox 691 1660 799 1710; x_wconf 82' lang='lat' dir='ltr'><strong>videtur.</strong></span> <span class='ocrx_word' id='word_1_115' title='bbox 827 1676 928 1719; x_wconf 79' lang='lat' dir='ltr'><strong>omnm,</strong></span> <span class='ocrx_word' id='word_1_116' title='bbox 955 1658 994 1708; x_wconf 85' lang='lat' dir='ltr'><strong>vel</strong></span> <span class='ocrx_word' id='word_1_117' title='bbox 1013 1658 1103 1724; x_wconf 90' lang='lat' dir='ltr'><strong>optimi</strong></span> <span class='ocrx_word' id='word_1_118' title='bbox 1126 1657 1234 1725; x_wconf 89' lang='lat' dir='ltr'><strong>quique,</strong></span> <span class='ocrx_word' id='word_1_119' title='bbox 1257 1657 1402 1725; x_wconf 84' lang='lat' dir='ltr'><strong>popularem</strong></span> 
     </span>
     <span class='ocr_line' id='line_1_14' title="bbox 274 1724 1401 1793; baseline -0.007 -12"><span class='ocrx_word' id='word_1_120' title='bbox 274 1735 311 1781; x_wconf 79' lang='lat' dir='ltr'><strong>Ad</strong></span> <span class='ocrx_word' id='word_1_121' title='bbox 325 1736 409 1793; x_wconf 69' lang='lat' dir='ltr'><strong>quana}</strong></span> <span class='ocrx_word' id='word_1_122' title='bbox 438 1729 576 1778; x_wconf 82' lang='lat' dir='ltr'><strong>Relotivum</strong></span> <span class='ocrx_word' id='word_1_123' title='bbox 600 1745 650 1778; x_wconf 90' lang='lat' dir='ltr'><strong>non</strong></span> <span class='ocrx_word' id='word_1_124' title='bbox 668 1728 750 1777; x_wconf 82' lang='lat' dir='ltr'><strong>colum</strong></span> <span class='ocrx_word' id='word_1_125' title='bbox 767 1727 799 1776; x_wconf 85' lang='lat' dir='ltr'><strong>ad</strong></span> <span class='ocrx_word' id='word_1_126' title='bbox 825 1726 930 1792; x_wconf 90' lang='lat' dir='ltr'><strong>gloriam</strong></span> <span class='ocrx_word' id='word_1_127' title='bbox 946 1744 1031 1776; x_wconf 79' lang='lat' dir='ltr'><strong>veram</strong></span> <span class='ocrx_word' id='word_1_128' title='bbox 1052 1726 1211 1775; x_wconf 71' lang='lat' dir='ltr'><strong>honestatem</strong></span> <span class='ocrx_word' id='word_1_129' title='bbox 1232 1724 1401 1776; x_wconf 68' lang='lat' dir='ltr'><strong>existimantes</strong></span> 
     </span>
     <span class='ocr_line' id='line_1_15' title="bbox 222 1793 1402 1864; baseline -0.004 -18"><span class='ocrx_word' id='word_1_130' title='bbox 222 1797 369 1864; x_wconf 82' lang='lat' dir='ltr'><strong>popularem</strong></span> <span class='ocrx_word' id='word_1_131' title='bbox 392 1796 511 1861; x_wconf 76' lang='lat' dir='ltr'><strong>gloriam,</strong></span> <span class='ocrx_word' id='word_1_132' title='bbox 537 1795 582 1844; x_wconf 90' lang='lat' dir='ltr'><strong>aed</strong></span> <span class='ocrx_word' id='word_1_133' title='bbox 606 1795 681 1845; x_wconf 84' lang='lat' dir='ltr'><strong>etiarn</strong></span> <span class='ocrx_word' id='word_1_134' title='bbox 699 1795 732 1844; x_wconf 88' lang='lat' dir='ltr'><strong>nd</strong></span> <span class='ocrx_word' id='word_1_135' title='bbox 749 1794 800 1843; x_wconf 92' lang='lat' dir='ltr'><strong>ho·</strong></span> <span class='ocrx_word' id='word_1_136' title='bbox 826 1811 879 1843; x_wconf 86' lang='lat' dir='ltr'><strong>eam</strong></span> <span class='ocrx_word' id='word_1_137' title='bbox 900 1812 930 1844; x_wconf 92' lang='lat' dir='ltr'><strong>ue</strong></span> <span class='ocrx_word' id='word_1_138' title='bbox 956 1804 1119 1861; x_wconf 76' lang='lat' dir='ltr'><strong>expetentes,</strong></span> <span class='ocrx_word' id='word_1_139' title='bbox 1150 1793 1274 1845; x_wconf 82' lang='lat' dir='ltr'><strong>aberrant.</strong></span> <span class='ocrx_word' id='word_1_140' title='bbox 1317 1796 1402 1855; x_wconf 83' lang='lat' dir='ltr'><strong>Quare</strong></span> 
     </span>
     <span class='ocr_line' id='line_1_16' title="bbox 222 1812 1401 1929; baseline -0.004 -16"><span class='ocrx_word' id='word_1_141' title='bbox 222 1880 304 1919; x_wconf 82' lang='lat' dir='ltr'><strong>norea,</strong></span> <span class='ocrx_word' id='word_1_142' title='bbox 321 1863 425 1929; x_wconf 87' lang='lat' dir='ltr'><strong>imperia</strong></span> <span class='ocrx_word' id='word_1_143' title='bbox 442 1862 600 1911; x_wconf 81' lang='lat' dir='ltr'><strong>referendum</strong></span> <span class='ocrx_word' id='word_1_144' title='bbox 616 1872 663 1920; x_wconf 87' lang='lat' dir='ltr'><strong>eat,</strong></span> <span class='ocrx_word' id='word_1_145' title='bbox 680 1862 733 1919; x_wconf 87' lang='lat' dir='ltr'><strong>aed,</strong></span> <span class='ocrx_word' id='word_1_146' title='bbox 751 1862 799 1911; x_wconf 86' lang='lat' dir='ltr'><strong>etei</strong></span> <span class='ocrx_word' id='word_1_147' title='bbox 824 1812 943 1911; x_wconf 69' lang='lat' dir='ltr'><strong>tuendum</strong></span> <span class='ocrx_word' id='word_1_148' title='bbox 953 1872 1016 1928; x_wconf 92' lang='lat' dir='ltr'><strong>patc</strong></span> <span class='ocrx_word' id='word_1_149' title='bbox 1027 1861 1153 1927; x_wconf 81' lang='lat' dir='ltr'><strong>vulgatam</strong></span> <span class='ocrx_word' id='word_1_150' title='bbox 1164 1876 1230 1913; x_wconf 84' lang='lat' dir='ltr'><strong>nno:</strong></span> <span class='ocrx_word' id='word_1_151' title='bbox 1246 1860 1401 1929; x_wconf 81' lang='lat' dir='ltr'><strong>quametiam</strong></span> 
     </span>
     <span class='ocr_line' id='line_1_17' title="bbox 223 1927 1401 1999; baseline -0.003 -19"><span class='ocrx_word' id='word_1_152' title='bbox 223 1929 327 1999; x_wconf 81' lang='lat' dir='ltr'><strong>pluralia</strong></span> <span class='ocrx_word' id='word_1_153' title='bbox 346 1929 506 1990; x_wconf 83' lang='lat' dir='ltr'><strong>antecedunt,</strong></span> <span class='ocrx_word' id='word_1_154' title='bbox 524 1941 607 1980; x_wconf 87' lang='lat' dir='ltr'><strong>tumen</strong></span> <span class='ocrx_word' id='word_1_155' title='bbox 619 1929 797 1980; x_wconf 89' lang='lat' dir='ltr'><strong>accommoda·</strong></span> <span class='ocrx_word' id='word_1_156' title='bbox 825 1932 933 1979; x_wconf 76' lang='lat' dir='ltr'><strong>Ktoteiua</strong></span> <span class='ocrx_word' id='word_1_157' title='bbox 947 1929 981 1979; x_wconf 91' lang='lat' dir='ltr'><strong>ad</strong></span> <span class='ocrx_word' id='word_1_158' title='bbox 996 1929 1108 1979; x_wconf 85' lang='lat' dir='ltr'><strong>Laelium</strong></span> <span class='ocrx_word' id='word_1_159' title='bbox 1125 1931 1152 1989; x_wconf 91' lang='lat' dir='ltr'><strong>l,</strong></span> <span class='ocrx_word' id='word_1_160' title='bbox 1173 1932 1195 1981; x_wconf 88' lang='lat' dir='ltr'><strong>l.</strong></span> <span class='ocrx_word' id='word_1_161' title='bbox 1211 1945 1238 1995; x_wconf 82' lang='lat' dir='ltr'><strong>p.</strong></span> <span class='ocrx_word' id='word_1_162' title='bbox 1252 1929 1294 1980; x_wconf 73' lang='grc' dir='ltr'><strong>δῖ.</strong></span> <span class='ocrx_word' id='word_1_163' title='bbox 1311 1927 1401 1979; x_wconf 88' lang='lat' dir='ltr'><strong>deleu-</strong></span> 
     </span>
     <span class='ocr_line' id='line_1_18' title="bbox 221 1994 1400 2065; baseline -0.003 -18"><span class='ocrx_word' id='word_1_164' title='bbox 221 2008 275 2047; x_wconf 92' lang='lat' dir='ltr'><strong>tom</strong></span> <span class='ocrx_word' id='word_1_165' title='bbox 293 2008 332 2047; x_wconf 85' lang='lat' dir='ltr'><strong>aat</strong></span> <span class='ocrx_word' id='word_1_166' title='bbox 348 1998 380 2048; x_wconf 89' lang='lat' dir='ltr'><strong>ad</strong></span> <span class='ocrx_word' id='word_1_167' title='bbox 398 1997 536 2064; x_wconf 84' lang='lat' dir='ltr'><strong>proximum</strong></span> <span class='ocrx_word' id='word_1_168' title='bbox 554 1997 685 2065; x_wconf 79' lang='lat' dir='ltr'><strong>aingnlnria</strong></span> <span class='ocrx_word' id='word_1_169' title='bbox 701 1998 798 2047; x_wconf 79' lang='lat' dir='ltr'><strong>numeri</strong></span> <span class='ocrx_word' id='word_1_170' title='bbox 825 1997 862 2046; x_wconf 91' lang='lat' dir='ltr'><strong>dit</strong></span> <span class='ocrx_word' id='word_1_171' title='bbox 885 1996 924 2046; x_wconf 82' lang='lat' dir='ltr'><strong>hia</strong></span> <span class='ocrx_word' id='word_1_172' title='bbox 947 1995 1044 2047; x_wconf 81' lang='lat' dir='ltr'><strong>verbis:</strong></span> <span class='ocrx_word' id='word_1_173' title='bbox 1074 2014 1145 2056; x_wconf 74' lang='lat' dir='ltr'><strong>„non</strong></span> <span class='ocrx_word' id='word_1_174' title='bbox 1170 2005 1223 2046; x_wconf 86' lang='lat' dir='ltr'><strong>tam</strong></span> <span class='ocrx_word' id='word_1_175' title='bbox 1248 1994 1310 2047; x_wconf 84' lang='lat' dir='ltr'><strong>illud</strong></span> <span class='ocrx_word' id='word_1_176' title='bbox 1333 2006 1400 2061; x_wconf 88' lang='lat' dir='ltr'><strong>urget</strong></span> 
     </span>
     <span class='ocr_line' id='line_1_19' title="bbox 221 2063 1400 2133; baseline -0.004 -17"><span class='ocrx_word' id='word_1_177' title='bbox 221 2065 419 2117; x_wconf 82' lang='lat' dir='ltr'><strong>aubatautivum:</strong></span> <span class='ocrx_word' id='word_1_178' title='bbox 446 2066 515 2133; x_wconf 90' lang='lat' dir='ltr'><strong>qnod</strong></span> <span class='ocrx_word' id='word_1_179' title='bbox 533 2065 575 2116; x_wconf 88' lang='lat' dir='ltr'><strong>ubi</strong></span> <span class='ocrx_word' id='word_1_180' title='bbox 594 2068 636 2123; x_wconf 83' lang='lat' dir='ltr'><strong>fit,</strong></span> <span class='ocrx_word' id='word_1_181' title='bbox 662 2064 712 2116; x_wconf 90' lang='lat' dir='ltr'><strong>hoc</strong></span> <span class='ocrx_word' id='word_1_182' title='bbox 736 2065 798 2113; x_wconf 88' lang='lat' dir='ltr'><strong>auh·</strong></span> <span class='ocrx_word' id='word_1_183' title='bbox 826 2064 950 2131; x_wconf 77' lang='lat' dir='ltr'><strong>scriptor,</strong></span> <span class='ocrx_word' id='word_1_184' title='bbox 976 2063 1044 2114; x_wconf 85' lang='lat' dir='ltr'><strong>illum</strong></span> <span class='ocrx_word' id='word_1_185' title='bbox 1068 2065 1227 2114; x_wconf 80' lang='lat' dir='ltr'><strong>honestatum</strong></span> <span class='ocrx_word' id='word_1_186' title='bbox 1249 2080 1324 2115; x_wconf 80' lang='lat' dir='ltr'><strong>naam</strong></span> <span class='ocrx_word' id='word_1_187' title='bbox 1342 2080 1400 2122; x_wconf 76' lang='lat' dir='ltr'><strong>erae,</strong></span> 
     </span>
     <span class='ocr_line' id='line_1_20' title="bbox 220 2130 1400 2199; baseline -0.005 -14"><span class='ocrx_word' id='word_1_188' title='bbox 220 2135 358 2186; x_wconf 85' lang='lat' dir='ltr'><strong>etantirum</strong></span> <span class='ocrx_word' id='word_1_189' title='bbox 375 2133 577 2185; x_wconf 81' lang='lat' dir='ltr'><strong>antecedentium</strong></span> <span class='ocrx_word' id='word_1_190' title='bbox 597 2133 725 2183; x_wconf 89' lang='lat' dir='ltr'><strong>nominum</strong></span> <span class='ocrx_word' id='word_1_191' title='bbox 749 2150 798 2181; x_wconf 93' lang='lat' dir='ltr'><strong>no-</strong></span> <span class='ocrx_word' id='word_1_192' title='bbox 825 2149 897 2197; x_wconf 89' lang='lat' dir='ltr'><strong>qunm</strong></span> <span class='ocrx_word' id='word_1_193' title='bbox 914 2142 1002 2182; x_wconf 82' lang='lat' dir='ltr'><strong>natura</strong></span> <span class='ocrx_word' id='word_1_194' title='bbox 1017 2132 1124 2181; x_wconf 76' lang='lat' dir='ltr'><strong>maxime</strong></span> <span class='ocrx_word' id='word_1_195' title='bbox 1139 2131 1259 2199; x_wconf 87' lang='lat' dir='ltr'><strong>inquirat,</strong></span> <span class='ocrx_word' id='word_1_196' title='bbox 1282 2147 1357 2198; x_wconf 83' lang='lat' dir='ltr'><strong>qnam</strong></span> <span class='ocrx_word' id='word_1_197' title='bbox 1370 2130 1400 2179; x_wconf 90' lang='lat' dir='ltr'><strong>il-</strong></span> 
     </span>
     <span class='ocr_line' id='line_1_21' title="bbox 221 2198 1400 2269; baseline -0.004 -15"><span class='ocrx_word' id='word_1_198' title='bbox 221 2205 318 2254; x_wconf 88' lang='lat' dir='ltr'><strong>tionem</strong></span> <span class='ocrx_word' id='word_1_199' title='bbox 331 2203 515 2269; x_wconf 83' lang='lat' dir='ltr'><strong>complectatur</strong></span> <span class='ocrx_word' id='word_1_200' title='bbox 530 2218 630 2251; x_wconf 72' lang='lat' dir='ltr'><strong>neceam</strong></span> <span class='ocrx_word' id='word_1_201' title='bbox 644 2210 690 2251; x_wconf 87' lang='lat' dir='ltr'><strong>eat.</strong></span> <span class='ocrx_word' id='word_1_202' title='bbox 709 2201 738 2249; x_wconf 87' lang='lat' dir='ltr'><strong>V.</strong></span> <span class='ocrx_word' id='word_1_203' title='bbox 754 2216 798 2249; x_wconf 88' lang='lat' dir='ltr'><strong>noa</strong></span> <span class='ocrx_word' id='word_1_204' title='bbox 825 2198 883 2259; x_wconf 88' lang='lat' dir='ltr'><strong>lud,</strong></span> <span class='ocrx_word' id='word_1_205' title='bbox 902 2216 976 2250; x_wconf 89' lang='lat' dir='ltr'><strong>unam</strong></span> <span class='ocrx_word' id='word_1_206' title='bbox 993 2209 1106 2249; x_wconf 90' lang='lat' dir='ltr'><strong>naturam</strong></span> <span class='ocrx_word' id='word_1_207' title='bbox 1121 2216 1191 2258; x_wconf 76' lang='lat' dir='ltr'><strong>eoae,</strong></span> <span class='ocrx_word' id='word_1_208' title='bbox 1215 2216 1282 2266; x_wconf 87' lang='lat' dir='ltr'><strong>quaa</strong></span> <span class='ocrx_word' id='word_1_209' title='bbox 1300 2199 1400 2249; x_wconf 79' lang='lat' dir='ltr'><strong>maxime</strong></span> 
     </span>
     <span class='ocr_line' id='line_1_22' title="bbox 223 2266 1400 2335; baseline -0.005 -14"><span class='ocrx_word' id='word_1_210' title='bbox 223 2269 248 2322; x_wconf 91' lang='lat' dir='ltr'><strong>in</strong></span> <span class='ocrx_word' id='word_1_211' title='bbox 268 2272 312 2320; x_wconf 86' lang='lat' dir='ltr'><strong>Gr.</strong></span> <span class='ocrx_word' id='word_1_212' title='bbox 329 2271 359 2319; x_wconf 78' lang='lat'><strong>1..</strong></span> <span class='ocrx_word' id='word_1_213' title='bbox 379 2272 402 2335; x_wconf 65' lang='grc' dir='ltr'><strong>ξ.</strong></span> <span class='ocrx_word' id='word_1_214' title='bbox 416 2270 470 2319; x_wconf 72' lang='lat' dir='ltr'><strong>tta.</strong></span> <span class='ocrx_word' id='word_1_215' title='bbox 489 2269 550 2319; x_wconf 90' lang='lat' dir='ltr'><strong>Not.</strong></span> <span class='ocrx_word' id='word_1_216' title='bbox 561 2269 585 2320; x_wconf 80' lang='lat'><strong>9.</strong></span> <span class='ocrx_word' id='word_1_217' title='bbox 827 2266 894 2316; x_wconf 86' lang='lat' dir='ltr'><strong>illam</strong></span> <span class='ocrx_word' id='word_1_218' title='bbox 908 2268 1067 2318; x_wconf 79' lang='lat' dir='ltr'><strong>honestatem</strong></span> <span class='ocrx_word' id='word_1_219' title='bbox 1082 2267 1206 2334; x_wconf 87' lang='lat' dir='ltr'><strong>inquirat;</strong></span> <span class='ocrx_word' id='word_1_220' title='bbox 1224 2278 1331 2317; x_wconf 85' lang='lat' dir='ltr'><strong>naturae</strong></span> <span class='ocrx_word' id='word_1_221' title='bbox 1339 2266 1400 2317; x_wconf 81' lang='lat' dir='ltr'><strong>enim</strong></span> 
     </span>
     <span class='ocr_line' id='line_1_23' title="bbox 272 2333 1399 2405; baseline -0.004 -16"><span class='ocrx_word' id='word_1_222' title='bbox 272 2336 358 2405; x_wconf 68' lang='lat' dir='ltr'><strong>smine]</strong></span> <span class='ocrx_word' id='word_1_223' title='bbox 377 2341 442 2388; x_wconf 77' lang='lat' dir='ltr'><strong>Ferri</strong></span> <span class='ocrx_word' id='word_1_224' title='bbox 457 2338 490 2386; x_wconf 85' lang='lat' dir='ltr'><strong>ad</strong></span> <span class='ocrx_word' id='word_1_225' title='bbox 506 2339 599 2399; x_wconf 83' lang='lat' dir='ltr'><strong>aliquid</strong></span> <span class='ocrx_word' id='word_1_226' title='bbox 615 2335 742 2402; x_wconf 82' lang='lat' dir='ltr'><strong>eleganter</strong></span> <span class='ocrx_word' id='word_1_227' title='bbox 758 2333 799 2384; x_wconf 91' lang='lat' dir='ltr'><strong>di·</strong></span> <span class='ocrx_word' id='word_1_228' title='bbox 826 2334 937 2400; x_wconf 81' lang='lat' dir='ltr'><strong>optimua</strong></span> <span class='ocrx_word' id='word_1_229' title='bbox 953 2335 1072 2403; x_wconf 84' lang='lat' dir='ltr'><strong>quiaque,</strong></span> <span class='ocrx_word' id='word_1_230' title='bbox 1099 2334 1141 2402; x_wconf 88' lang='lat' dir='ltr'><strong>qui</strong></span> <span class='ocrx_word' id='word_1_231' title='bbox 1165 2350 1222 2383; x_wconf 88' lang='lat' dir='ltr'><strong>cam</strong></span> <span class='ocrx_word' id='word_1_232' title='bbox 1240 2334 1348 2401; x_wconf 85' lang='lat' dir='ltr'><strong>gloriam</strong></span> <span class='ocrx_word' id='word_1_233' title='bbox 1362 2351 1399 2385; x_wconf 83' lang='lat' dir='ltr'><strong>ee·</strong></span> 
     </span>
     <span class='ocr_line' id='line_1_24' title="bbox 223 2402 1400 2473; baseline -0.003 -16"><span class='ocrx_word' id='word_1_234' title='bbox 223 2405 302 2465; x_wconf 84' lang='lat' dir='ltr'><strong>citur,</strong></span> <span class='ocrx_word' id='word_1_235' title='bbox 329 2405 370 2473; x_wconf 93' lang='lat' dir='ltr'><strong>qui</strong></span> <span class='ocrx_word' id='word_1_236' title='bbox 392 2404 552 2454; x_wconf 82' lang='lat' dir='ltr'><strong>vehementer</strong></span> <span class='ocrx_word' id='word_1_237' title='bbox 575 2403 669 2470; x_wconf 88' lang='lat' dir='ltr'><strong>aliquid</strong></span> <span class='ocrx_word' id='word_1_238' title='bbox 693 2403 800 2471; x_wconf 90' lang='lat' dir='ltr'><strong>appetit.</strong></span> <span class='ocrx_word' id='word_1_239' title='bbox 826 2414 957 2469; x_wconf 87' lang='lat' dir='ltr'><strong>quaretur,</strong></span> <span class='ocrx_word' id='word_1_240' title='bbox 981 2422 997 2453; x_wconf 94' lang='lat' dir='ltr'><strong>a</strong></span> <span class='ocrx_word' id='word_1_241' title='bbox 1015 2420 1073 2453; x_wconf 84' lang='lat' dir='ltr'><strong>aera</strong></span> <span class='ocrx_word' id='word_1_242' title='bbox 1090 2402 1230 2453; x_wconf 75' lang='lat' dir='ltr'><strong>honentatia</strong></span> <span class='ocrx_word' id='word_1_243' title='bbox 1248 2402 1400 2454; x_wconf 82' lang='lat' dir='ltr'><strong>viaaberrn-</strong></span> 
     </span>
     <span class='ocr_line' id='line_1_25' title="bbox 224 2470 1087 2538; baseline -0.001 -16"><span class='ocrx_word' id='word_1_244' title='bbox 224 2474 265 2525; x_wconf 86' lang='lat' dir='ltr'><strong>Sic</strong></span> <span class='ocrx_word' id='word_1_245' title='bbox 276 2474 372 2523; x_wconf 86' lang='lat' dir='ltr'><strong>Graece</strong></span> <span class='ocrx_word' id='word_1_246' title='bbox 382 2472 474 2522; x_wconf 88' lang='lat' dir='ltr'><strong>dicitnr</strong></span> <span class='ocrx_word' id='word_1_247' title='bbox 489 2471 615 2537; x_wconf 59' lang='grc' dir='ltr'><strong>φέρεσΰαι</strong></span> <span class='ocrx_word' id='word_1_248' title='bbox 629 2470 670 2523; x_wconf 78' lang='lat' dir='ltr'><strong>tut</strong></span> <span class='ocrx_word' id='word_1_249' title='bbox 683 2488 714 2525; x_wconf 79' lang='grc' dir='ltr'><strong>τι.</strong></span> <span class='ocrx_word' id='word_1_250' title='bbox 734 2472 799 2520; x_wconf 84' lang='lat' dir='ltr'><strong>Sen-</strong></span> <span class='ocrx_word' id='word_1_251' title='bbox 826 2470 905 2529; x_wconf 84' lang='lat' dir='ltr'><strong>verit,</strong></span> <span class='ocrx_word' id='word_1_252' title='bbox 924 2470 1087 2538; x_wconf 82' lang='lat' dir='ltr'><strong>opponitur.¹‘</strong></span> 
     </span>
     <span class='ocr_line' id='line_1_26' title="bbox 223 2537 1398 2606; baseline -0.001 -18"><span class='ocrx_word' id='word_1_253' title='bbox 223 2541 302 2590; x_wconf 88' lang='lat' dir='ltr'><strong>tentia</strong></span> <span class='ocrx_word' id='word_1_254' title='bbox 313 2540 385 2590; x_wconf 78' lang='lat' dir='ltr'><strong>hrains</strong></span> <span class='ocrx_word' id='word_1_255' title='bbox 397 2540 446 2589; x_wconf 88' lang='lat' dir='ltr'><strong>loci</strong></span> <span class='ocrx_word' id='word_1_256' title='bbox 461 2551 498 2589; x_wconf 88' lang='lat' dir='ltr'><strong>eat</strong></span> <span class='ocrx_word' id='word_1_257' title='bbox 509 2540 584 2589; x_wconf 86' lang='lat' dir='ltr'><strong>haec:</strong></span> <span class='ocrx_word' id='word_1_258' title='bbox 605 2539 718 2606; x_wconf 83' lang='lat' dir='ltr'><strong>Optimae</strong></span> <span class='ocrx_word' id='word_1_259' title='bbox 729 2538 800 2606; x_wconf 91' lang='lat' dir='ltr'><strong>quia-</strong></span> <span class='ocrx_word' id='word_1_260' title='bbox 875 2542 984 2604; x_wconf 83' lang='lat' dir='ltr'><strong>inquirit]</strong></span> <span class='ocrx_word' id='word_1_261' title='bbox 1000 2538 1080 2588; x_wconf 79' lang='lat' dir='ltr'><strong>minito</strong></span> <span class='ocrx_word' id='word_1_262' title='bbox 1087 2537 1186 2605; x_wconf 78' lang='lat' dir='ltr'><strong>gravium</strong></span> <span class='ocrx_word' id='word_1_263' title='bbox 1195 2547 1244 2597; x_wconf 72' lang='lat' dir='ltr'><strong>eet,</strong></span> <span class='ocrx_word' id='word_1_264' title='bbox 1259 2554 1334 2605; x_wconf 87' lang='lat' dir='ltr'><strong>qnam</strong></span> <span class='ocrx_word' id='word_1_265' title='bbox 1342 2537 1398 2587; x_wconf 82' lang='lat' dir='ltr'><strong>aim-</strong></span> 
     </span>
     <span class='ocr_line' id='line_1_27' title="bbox 223 2604 1399 2673; baseline 0 -20"><span class='ocrx_word' id='word_1_266' title='bbox 223 2623 272 2673; x_wconf 87' lang='lat' dir='ltr'><strong>que</strong></span> <span class='ocrx_word' id='word_1_267' title='bbox 287 2612 375 2656; x_wconf 86' lang='lat' dir='ltr'><strong>natum</strong></span> <span class='ocrx_word' id='word_1_268' title='bbox 389 2608 421 2657; x_wconf 90' lang='lat' dir='ltr'><strong>ad</strong></span> <span class='ocrx_word' id='word_1_269' title='bbox 435 2606 541 2673; x_wconf 87' lang='lat' dir='ltr'><strong>glorium</strong></span> <span class='ocrx_word' id='word_1_270' title='bbox 559 2608 655 2663; x_wconf 71' lang='lat' dir='ltr'><strong>sertin,</strong></span> <span class='ocrx_word' id='word_1_271' title='bbox 680 2618 707 2656; x_wconf 88' lang='lat' dir='ltr'><strong>at</strong></span> <span class='ocrx_word' id='word_1_272' title='bbox 725 2624 799 2673; x_wconf 91' lang='lat' dir='ltr'><strong>quum</strong></span> <span class='ocrx_word' id='word_1_273' title='bbox 825 2605 882 2671; x_wconf 78' lang='lat' dir='ltr'><strong>plen</strong></span> <span class='ocrx_word' id='word_1_274' title='bbox 896 2611 995 2669; x_wconf 78' lang='lat' dir='ltr'><strong>qaaerit.</strong></span> <span class='ocrx_word' id='word_1_275' title='bbox 1031 2604 1080 2655; x_wconf 87' lang='lat' dir='ltr'><strong>Sed</strong></span> <span class='ocrx_word' id='word_1_276' title='bbox 1095 2622 1171 2673; x_wconf 89' lang='lat' dir='ltr'><strong>quum</strong></span> <span class='ocrx_word' id='word_1_277' title='bbox 1188 2604 1300 2657; x_wconf 85' lang='lat' dir='ltr'><strong>dubitari</strong></span> <span class='ocrx_word' id='word_1_278' title='bbox 1318 2605 1399 2672; x_wconf 79' lang='lat' dir='ltr'><strong>poerit,</strong></span> 
     </span>
     <span class='ocr_line' id='line_1_28' title="bbox 223 2672 1398 2740; baseline 0.002 -19"><span class='ocrx_word' id='word_1_279' title='bbox 223 2690 307 2722; x_wconf 84' lang='lat' dir='ltr'><strong>verum</strong></span> <span class='ocrx_word' id='word_1_280' title='bbox 331 2674 436 2738; x_wconf 79' lang='lat' dir='ltr'><strong>gloriam</strong></span> <span class='ocrx_word' id='word_1_281' title='bbox 454 2675 479 2723; x_wconf 90' lang='lat' dir='ltr'><strong>in</strong></span> <span class='ocrx_word' id='word_1_282' title='bbox 500 2674 653 2733; x_wconf 78' lang='lat' dir='ltr'><strong>homnibus,</strong></span> <span class='ocrx_word' id='word_1_283' title='bbox 680 2673 799 2740; x_wconf 75' lang='lat' dir='ltr'><strong>imperiii,</strong></span> <span class='ocrx_word' id='word_1_284' title='bbox 825 2689 883 2723; x_wconf 90' lang='lat' dir='ltr'><strong>oum</strong></span> <span class='ocrx_word' id='word_1_285' title='bbox 899 2684 968 2723; x_wconf 89' lang='lat' dir='ltr'><strong>recte</strong></span> <span class='ocrx_word' id='word_1_286' title='bbox 984 2672 1082 2723; x_wconf 90' lang='lat' dir='ltr'><strong>dicatur</strong></span> <span class='ocrx_word' id='word_1_287' title='bbox 1098 2683 1187 2723; x_wconf 79' lang='lat' dir='ltr'><strong>natura</strong></span> <span class='ocrx_word' id='word_1_288' title='bbox 1209 2676 1353 2723; x_wconf 70' lang='lat' dir='ltr'><strong>hmmtertern</strong></span> <span class='ocrx_word' id='word_1_289' title='bbox 1367 2677 1398 2723; x_wconf 87' lang='lat' dir='ltr'><strong>in·</strong></span> 
     </span>
     <span class='ocr_line' id='line_1_29' title="bbox 224 2740 1399 2807; baseline 0 -18"><span class='ocrx_word' id='word_1_290' title='bbox 224 2740 338 2806; x_wconf 86' lang='lat' dir='ltr'><strong>populari</strong></span> <span class='ocrx_word' id='word_1_291' title='bbox 361 2740 442 2805; x_wconf 85' lang='lat' dir='ltr'><strong>gloria</strong></span> <span class='ocrx_word' id='word_1_292' title='bbox 467 2741 575 2806; x_wconf 77' lang='lat' dir='ltr'><strong>positam</strong></span> <span class='ocrx_word' id='word_1_293' title='bbox 594 2750 682 2806; x_wconf 87' lang='lat' dir='ltr'><strong>putet,</strong></span> <span class='ocrx_word' id='word_1_294' title='bbox 707 2760 723 2790; x_wconf 92' lang='lat' dir='ltr'><strong>a</strong></span> <span class='ocrx_word' id='word_1_295' title='bbox 741 2758 800 2789; x_wconf 87' lang='lat' dir='ltr'><strong>vera</strong></span> <span class='ocrx_word' id='word_1_296' title='bbox 824 2744 933 2804; x_wconf 82' lang='lat' dir='ltr'><strong>qairere,·</strong></span> <span class='ocrx_word' id='word_1_297' title='bbox 959 2758 1039 2807; x_wconf 89' lang='lat' dir='ltr'><strong>neque</strong></span> <span class='ocrx_word' id='word_1_298' title='bbox 1063 2741 1128 2790; x_wconf 89' lang='lat' dir='ltr'><strong>enim</strong></span> <span class='ocrx_word' id='word_1_299' title='bbox 1152 2740 1206 2790; x_wconf 86' lang='lat' dir='ltr'><strong>aliia</strong></span> <span class='ocrx_word' id='word_1_300' title='bbox 1232 2740 1297 2791; x_wconf 73' lang='lat' dir='ltr'><strong>loma</strong></span> <span class='ocrx_word' id='word_1_301' title='bbox 1316 2740 1399 2791; x_wconf 85' lang='lat' dir='ltr'><strong>Cicera</strong></span> 
     </span>
     <span class='ocr_line' id='line_1_30' title="bbox 223 2806 1398 2875; baseline 0.001 -19"><span class='ocrx_word' id='word_1_302' title='bbox 223 2806 303 2875; x_wconf 89' lang='lat' dir='ltr'><strong>gloria</strong></span> <span class='ocrx_word' id='word_1_303' title='bbox 318 2824 425 2872; x_wconf 83' lang='lat' dir='ltr'><strong>veraque</strong></span> <span class='ocrx_word' id='word_1_304' title='bbox 440 2806 572 2855; x_wconf 88' lang='lat' dir='ltr'><strong>honaatate</strong></span> <span class='ocrx_word' id='word_1_305' title='bbox 587 2808 686 2856; x_wconf 84' lang='lat' dir='ltr'><strong>aberrat</strong></span> <span class='ocrx_word' id='word_1_306' title='bbox 702 2806 800 2872; x_wconf 79' lang='lat' dir='ltr'><strong>longia-</strong></span> <span class='ocrx_word' id='word_1_307' title='bbox 823 2807 873 2857; x_wconf 91' lang='lat' dir='ltr'><strong>hoc</strong></span> <span class='ocrx_word' id='word_1_308' title='bbox 890 2808 967 2859; x_wconf 78' lang='lat' dir='ltr'><strong>verbo</strong></span> <span class='ocrx_word' id='word_1_309' title='bbox 984 2808 1021 2857; x_wconf 90' lang='lat' dir='ltr'><strong>ita</strong></span> <span class='ocrx_word' id='word_1_310' title='bbox 1039 2808 1131 2867; x_wconf 87' lang='lat' dir='ltr'><strong>utitur,</strong></span> <span class='ocrx_word' id='word_1_311' title='bbox 1159 2818 1186 2857; x_wconf 90' lang='lat' dir='ltr'><strong>ut</strong></span> <span class='ocrx_word' id='word_1_312' title='bbox 1203 2808 1239 2857; x_wconf 90' lang='lat' dir='ltr'><strong>ait</strong></span> <span class='ocrx_word' id='word_1_313' title='bbox 1260 2810 1398 2859; x_wconf 67' lang='lat' dir='ltr'><strong>menter</strong></span> 
     </span>
     <span class='ocr_line' id='line_1_31' title="bbox 223 2873 1399 2940; baseline -0.002 -14"><span class='ocrx_word' id='word_1_314' title='bbox 223 2874 293 2926; x_wconf 87' lang='lat' dir='ltr'><strong>aime.</strong></span> <span class='ocrx_word' id='word_1_315' title='bbox 338 2877 458 2936; x_wconf 85' lang='lat' dir='ltr'><strong>imperto,</strong></span> <span class='ocrx_word' id='word_1_316' title='bbox 486 2889 549 2939; x_wconf 87' lang='lat' dir='ltr'><strong>quae</strong></span> <span class='ocrx_word' id='word_1_317' title='bbox 573 2873 614 2923; x_wconf 87' lang='lat' dir='ltr'><strong>hic</strong></span> <span class='ocrx_word' id='word_1_318' title='bbox 639 2884 801 2940; x_wconf 86' lang='lat' dir='ltr'><strong>opponuntur</strong></span> <span class='ocrx_word' id='word_1_319' title='bbox 823 2889 943 2937; x_wconf 82' lang='lat' dir='ltr'><strong>quaerere,</strong></span> <span class='ocrx_word' id='word_1_320' title='bbox 961 2878 1104 2927; x_wconf 84' lang='lat' dir='ltr'><strong>uehementer</strong></span> <span class='ocrx_word' id='word_1_321' title='bbox 1118 2880 1243 2939; x_wconf 73' lang='lat' dir='ltr'><strong>expetere,</strong></span> <span class='ocrx_word' id='word_1_322' title='bbox 1259 2874 1304 2925; x_wconf 86' lang='lat' dir='ltr'><strong>aed</strong></span> <span class='ocrx_word' id='word_1_323' title='bbox 1321 2874 1399 2925; x_wconf 82' lang='lat' dir='ltr'><strong>dicare</strong></span> 
     </span>
     <span class='ocr_line' id='line_1_32' title="bbox 223 2940 1397 3011; baseline 0 -22"><span class='ocrx_word' id='word_1_324' title='bbox 223 2946 364 3004; x_wconf 66' lang='lat' dir='ltr'><strong>mentua,</strong></span> <span class='ocrx_word' id='word_1_325' title='bbox 387 2940 549 3009; x_wconf 87' lang='lat' dir='ltr'><strong>intelligenda</strong></span> <span class='ocrx_word' id='word_1_326' title='bbox 564 2952 623 2990; x_wconf 82' lang='lat' dir='ltr'><strong>aiunt</strong></span> <span class='ocrx_word' id='word_1_327' title='bbox 638 2945 738 3004; x_wconf 84' lang='lat' dir='ltr'><strong>imperio</strong></span> <span class='ocrx_word' id='word_1_328' title='bbox 754 2946 800 2990; x_wconf 86' lang='lat' dir='ltr'><strong>mi·</strong></span> <span class='ocrx_word' id='word_1_329' title='bbox 825 2942 891 2991; x_wconf 80' lang='lat' dir='ltr'><strong>colet</strong></span> <span class='ocrx_word' id='word_1_330' title='bbox 905 2947 1022 3007; x_wconf 82' lang='lat' dir='ltr'><strong>inquirere</strong></span> <span class='ocrx_word' id='word_1_331' title='bbox 1036 2946 1062 2993; x_wconf 85' lang='lat' dir='ltr'><strong>in</strong></span> <span class='ocrx_word' id='word_1_332' title='bbox 1075 2958 1141 3005; x_wconf 84' lang='lat' dir='ltr'><strong>rent,</strong></span> <span class='ocrx_word' id='word_1_333' title='bbox 1165 2940 1309 3011; x_wconf 82' lang='lat' dir='ltr'><strong>etquidem</strong></span> <span class='ocrx_word' id='word_1_334' title='bbox 1324 2960 1353 2993; x_wconf 89' lang='lat' dir='ltr'><strong>ea</strong></span> <span class='ocrx_word' id='word_1_335' title='bbox 1369 2942 1397 2999; x_wconf 83' lang='lat' dir='ltr'><strong>ri,</strong></span> 
     </span>
     <span class='ocr_line' id='line_1_33' title="bbox 224 3008 1442 3079; baseline -0.002 -16"><span class='ocrx_word' id='word_1_336' title='bbox 224 3016 313 3063; x_wconf 81' lang='lat' dir='ltr'><strong>litorio.</strong></span> <span class='ocrx_word' id='word_1_337' title='bbox 355 3014 481 3073; x_wconf 62' lang='lat' dir='ltr'><strong>mnium</strong></span> <span class='ocrx_word' id='word_1_338' title='bbox 504 3008 604 3076; x_wconf 87' lang='lat' dir='ltr'><strong>quidem</strong></span> <span class='ocrx_word' id='word_1_339' title='bbox 627 3008 802 3075; x_wconf 87' lang='lat' dir='ltr'><strong>complectitur</strong></span> <span class='ocrx_word' id='word_1_340' title='bbox 827 3019 854 3058; x_wconf 91' lang='lat' dir='ltr'><strong>ut</strong></span> <span class='ocrx_word' id='word_1_341' title='bbox 868 3010 901 3060; x_wconf 85' lang='lat' dir='ltr'><strong>ait</strong></span> <span class='ocrx_word' id='word_1_342' title='bbox 918 3010 1011 3077; x_wconf 90' lang='lat' dir='ltr'><strong>aliquid</strong></span> <span class='ocrx_word' id='word_1_343' title='bbox 1027 3010 1192 3076; x_wconf 68' lang='lat' dir='ltr'><strong>perscrutanda</strong></span> <span class='ocrx_word' id='word_1_344' title='bbox 1211 3014 1288 3061; x_wconf 70' lang='lat' dir='ltr'><strong>Hoaer</strong></span> <span class='ocrx_word' id='word_1_345' title='bbox 1301 3013 1399 3061; x_wconf 80' lang='lat' dir='ltr'><strong>ethei·</strong></span> <span class='ocrx_word' id='word_1_346' title='bbox 1439 3038 1442 3079; x_wconf 62' lang='lat'>3</span> 
     </span>
     <span class='ocr_line' id='line_1_34' title="bbox 224 3076 1442 3157; baseline -0.003 -27"><span class='ocrx_word' id='word_1_347' title='bbox 224 3091 252 3130; x_wconf 91' lang='lat' dir='ltr'><strong>et</strong></span> <span class='ocrx_word' id='word_1_348' title='bbox 262 3080 346 3130; x_wconf 81' lang='lat' dir='ltr'><strong>civilea</strong></span> <span class='ocrx_word' id='word_1_349' title='bbox 358 3088 384 3127; x_wconf 88' lang='lat' dir='ltr'><strong>et</strong></span> <span class='ocrx_word' id='word_1_350' title='bbox 400 3078 519 3128; x_wconf 85' lang='lat' dir='ltr'><strong>militarea</strong></span> <span class='ocrx_word' id='word_1_351' title='bbox 530 3078 652 3135; x_wconf 78' lang='lat' dir='ltr'><strong>honoree3</strong></span> <span class='ocrx_word' id='word_1_352' title='bbox 670 3077 714 3126; x_wconf 88' lang='lat' dir='ltr'><strong>aad</strong></span> <span class='ocrx_word' id='word_1_353' title='bbox 726 3094 800 3155; x_wconf 82' lang='lat' dir='ltr'><strong>quum</strong></span> <span class='ocrx_word' id='word_1_354' title='bbox 825 3079 902 3128; x_wconf 79' lang='lat' dir='ltr'><strong>aiae!</strong></span> <span class='ocrx_word' id='word_1_355' title='bbox 928 3077 954 3126; x_wconf 91' lang='lat' dir='ltr'><strong>d.</strong></span> <span class='ocrx_word' id='word_1_356' title='bbox 973 3079 1096 3157; x_wconf 55' lang='lat' dir='ltr'><strong>p3xxtt.</strong></span> <span class='ocrx_word' id='word_1_357' title='bbox 1109 3078 1170 3127; x_wconf 78' lang='lat' dir='ltr'><strong>eatis</strong></span> <span class='ocrx_word' id='word_1_358' title='bbox 1186 3077 1349 3145; x_wconf 81' lang='lat' dir='ltr'><strong>probabiliter</strong></span> <span class='ocrx_word' id='word_1_359' title='bbox 1359 3076 1398 3127; x_wconf 85' lang='lat' dir='ltr'><strong>le-</strong></span> <span class='ocrx_word' id='word_1_360' title='bbox 1440 3084 1442 3089; x_wconf 90' lang='lat'>&#39;</span> 
     </span>
     <span class='ocr_line' id='line_1_35' title="bbox 223 3144 1399 3279; baseline -0.002 -15"><span class='ocrx_word' id='word_1_361' title='bbox 223 3158 377 3271; x_wconf 73' lang='lat' dir='ltr'><strong>tttttt:</strong></span> <span class='ocrx_word' id='word_1_362' title='bbox 398 3145 801 3279; x_wconf 55' lang='lat' dir='ltr'><strong>ilalltffllh’plfhii</strong></span> <span class='ocrx_word' id='word_1_363' title='bbox 825 3144 1399 3279; x_wconf 49' lang='lat' dir='ltr'><strong>{SililiZihlhhl‘lihtd‘ihii</strong></span> 
     </span>
     <span class='ocr_line' id='line_1_36' title="bbox 223 3279 1398 3349; baseline 0.001 -20"><span class='ocrx_word' id='word_1_364' title='bbox 223 3279 329 3329; x_wconf 88' lang='lat' dir='ltr'><strong>rendum</strong></span> <span class='ocrx_word' id='word_1_365' title='bbox 355 3290 393 3328; x_wconf 83' lang='lat' dir='ltr'><strong>eat</strong></span> <span class='ocrx_word' id='word_1_366' title='bbox 418 3282 449 3329; x_wconf 90' lang='lat' dir='ltr'><strong>ud</strong></span> <span class='ocrx_word' id='word_1_367' title='bbox 474 3282 592 3331; x_wconf 85' lang='lat' dir='ltr'><strong>militarea</strong></span> <span class='ocrx_word' id='word_1_368' title='bbox 617 3281 734 3332; x_wconf 75' lang='lat' dir='ltr'><strong>honores.</strong></span> <span class='ocrx_word' id='word_1_369' title='bbox 769 3281 801 3330; x_wconf 89' lang='lat' dir='ltr'><strong>V.</strong></span> <span class='ocrx_word' id='word_1_370' title='bbox 826 3296 850 3345; x_wconf 88' lang='lat' dir='ltr'><strong>p.</strong></span> <span class='ocrx_word' id='word_1_371' title='bbox 871 3280 923 3330; x_wconf 68' lang='lat' dir='ltr'><strong>l‘lil.</strong></span> <span class='ocrx_word' id='word_1_372' title='bbox 962 3282 998 3329; x_wconf 88' lang='lat' dir='ltr'><strong>Da</strong></span> <span class='ocrx_word' id='word_1_373' title='bbox 1018 3281 1141 3349; x_wconf 84' lang='lat' dir='ltr'><strong>l&#39;reqnenti</strong></span> <span class='ocrx_word' id='word_1_374' title='bbox 1159 3280 1252 3331; x_wconf 88' lang='lat' dir='ltr'><strong>horum</strong></span> <span class='ocrx_word' id='word_1_375' title='bbox 1271 3280 1398 3330; x_wconf 72' lang='lat' dir='ltr'><strong>uerborum</strong></span> 
     </span>
     <span class='ocr_line' id='line_1_37' title="bbox 224 3345 1399 3412; baseline 0.003 -16"><span class='ocrx_word' id='word_1_376' title='bbox 224 3349 324 3396; x_wconf 75' lang='lat' dir='ltr'><strong>emeno·</strong></span> <span class='ocrx_word' id='word_1_377' title='bbox 348 3346 416 3395; x_wconf 74' lang='lat' dir='ltr'><strong>Clau.</strong></span> <span class='ocrx_word' id='word_1_378' title='bbox 436 3348 548 3401; x_wconf 82' lang='lat' dir='ltr'><strong>Ciceron.</strong></span> <span class='ocrx_word' id='word_1_379' title='bbox 568 3368 590 3398; x_wconf 86' lang='grc' dir='ltr'><strong>ν.</strong></span> <span class='ocrx_word' id='word_1_380' title='bbox 607 3353 747 3411; x_wconf 69' lang='lat' dir='ltr'><strong>impedient,</strong></span> <span class='ocrx_word' id='word_1_381' title='bbox 774 3357 801 3397; x_wconf 86' lang='lat' dir='ltr'><strong>et</strong></span> <span class='ocrx_word' id='word_1_382' title='bbox 827 3345 865 3395; x_wconf 85' lang='lat' dir='ltr'><strong>vel</strong></span> <span class='ocrx_word' id='word_1_383' title='bbox 890 3348 915 3396; x_wconf 90' lang='lat' dir='ltr'><strong>in</strong></span> <span class='ocrx_word' id='word_1_384' title='bbox 940 3348 1041 3412; x_wconf 84' lang='lat' dir='ltr'><strong>optimia</strong></span> <span class='ocrx_word' id='word_1_385' title='bbox 1066 3348 1141 3400; x_wconf 88' lang='lat' dir='ltr'><strong>codd.</strong></span> <span class='ocrx_word' id='word_1_386' title='bbox 1162 3348 1399 3399; x_wconf 64' lang='lat' dir='ltr'><strong>contusionem</strong></span> 
     </span>
     <span class='ocr_line' id='line_1_38' title="bbox 222 3412 1396 3483; baseline 0 -20"><span class='ocrx_word' id='word_1_387' title='bbox 222 3415 344 3463; x_wconf 63' lang='lat' dir='ltr'><strong>&amp;mium</strong></span> <span class='ocrx_word' id='word_1_388' title='bbox 359 3412 392 3462; x_wconf 92' lang='lat' dir='ltr'><strong>ad</strong></span> <span class='ocrx_word' id='word_1_389' title='bbox 412 3414 511 3465; x_wconf 81' lang='lat' dir='ltr'><strong>(lornei.</strong></span> <span class='ocrx_word' id='word_1_390' title='bbox 529 3417 593 3483; x_wconf 86' lang='lat' dir='ltr'><strong>Nep.</strong></span> <span class='ocrx_word' id='word_1_391' title='bbox 608 3416 715 3466; x_wconf 88' lang='lat' dir='ltr'><strong>Miltiad.</strong></span> <span class='ocrx_word' id='word_1_392' title='bbox 731 3418 800 3480; x_wconf 76' lang='lat' dir='ltr'><strong>viil,</strong></span> <span class='ocrx_word' id='word_1_393' title='bbox 826 3430 972 3482; x_wconf 76' lang='lat' dir='ltr'><strong>compar-aro</strong></span> <span class='ocrx_word' id='word_1_394' title='bbox 994 3414 1063 3465; x_wconf 88' lang='lat' dir='ltr'><strong>iubet</strong></span> <span class='ocrx_word' id='word_1_395' title='bbox 1089 3418 1194 3467; x_wconf 79' lang='lat' dir='ltr'><strong>cortinam</strong></span> <span class='ocrx_word' id='word_1_396' title='bbox 1217 3415 1253 3465; x_wconf 80' lang='lat' dir='ltr'><strong>ad</strong></span> <span class='ocrx_word' id='word_1_397' title='bbox 1272 3416 1332 3466; x_wconf 77' lang='lat' dir='ltr'><strong>satt.</strong></span> <span class='ocrx_word' id='word_1_398' title='bbox 1351 3418 1396 3481; x_wconf 86' lang='lat' dir='ltr'><strong>lag.</strong></span> 
     </span>
     <span class='ocr_line' id='line_1_39' title="bbox 224 3478 1398 3550; baseline 0.006 -21"><span class='ocrx_word' id='word_1_399' title='bbox 224 3478 249 3529; x_wconf 74' lang='lat' dir='ltr'><strong>‘L</strong></span> <span class='ocrx_word' id='word_1_400' title='bbox 271 3496 295 3543; x_wconf 88' lang='lat' dir='ltr'><strong>p.</strong></span> <span class='ocrx_word' id='word_1_401' title='bbox 312 3479 354 3530; x_wconf 76' lang='lat'><strong>31.</strong></span> <span class='ocrx_word' id='word_1_402' title='bbox 827 3484 866 3543; x_wconf 79' lang='lat'><strong>13,</strong></span> <span class='ocrx_word' id='word_1_403' title='bbox 885 3484 910 3535; x_wconf 78' lang='lat' dir='ltr'><strong>tt</strong></span> <span class='ocrx_word' id='word_1_404' title='bbox 937 3487 1047 3533; x_wconf 69' lang='lat' dir='ltr'><strong>caueae</strong></span> <span class='ocrx_word' id='word_1_405' title='bbox 1064 3483 1097 3533; x_wconf 88' lang='lat' dir='ltr'><strong>ad</strong></span> <span class='ocrx_word' id='word_1_406' title='bbox 1113 3485 1192 3549; x_wconf 85' lang='lat' dir='ltr'><strong>Legg.</strong></span> <span class='ocrx_word' id='word_1_407' title='bbox 1210 3481 1272 3550; x_wconf 87' lang='lat' dir='ltr'><strong>p.·l.</strong></span> <span class='ocrx_word' id='word_1_408' title='bbox 1298 3486 1398 3535; x_wconf 66' lang='lat' dir='ltr'><strong>aanor</strong></span> 
     </span>
     <span class='ocr_line' id='line_1_40' title="bbox 274 3548 1442 3615; baseline 0.005 -21"><span class='ocrx_word' id='word_1_409' title='bbox 274 3561 347 3606; x_wconf 83' lang='lat' dir='ltr'><strong>quam</strong></span> <span class='ocrx_word' id='word_1_410' title='bbox 364 3562 414 3597; x_wconf 75' lang='lat' dir='ltr'><strong>nno</strong></span> <span class='ocrx_word' id='word_1_411' title='bbox 430 3552 530 3611; x_wconf 78' lang='lat' dir='ltr'><strong>nutare]</strong></span> <span class='ocrx_word' id='word_1_412' title='bbox 557 3550 599 3599; x_wconf 85' lang='lat' dir='ltr'><strong>ste</strong></span> <span class='ocrx_word' id='word_1_413' title='bbox 618 3548 718 3615; x_wconf 87' lang='lat' dir='ltr'><strong>plorimi</strong></span> <span class='ocrx_word' id='word_1_414' title='bbox 735 3548 800 3608; x_wconf 85' lang='lat' dir='ltr'><strong>libri,</strong></span> <span class='ocrx_word' id='word_1_415' title='bbox 826 3550 851 3599; x_wconf 90' lang='lat' dir='ltr'><strong>in</strong></span> <span class='ocrx_word' id='word_1_416' title='bbox 871 3551 989 3601; x_wconf 82' lang='lat' dir='ltr'><strong>Obaervn.</strong></span> <span class='ocrx_word' id='word_1_417' title='bbox 1008 3550 1075 3601; x_wconf 83' lang='lat' dir='ltr'><strong>ined.</strong></span> <span class='ocrx_word' id='word_1_418' title='bbox 1095 3550 1167 3600; x_wconf 86' lang='lat' dir='ltr'><strong>addit</strong></span> <span class='ocrx_word' id='word_1_419' title='bbox 1182 3552 1304 3603; x_wconf 68' lang='lat' dir='ltr'><strong>flamm</strong></span> <span class='ocrx_word' id='word_1_420' title='bbox 1319 3550 1352 3601; x_wconf 89' lang='lat' dir='ltr'><strong>ad</strong></span> <span class='ocrx_word' id='word_1_421' title='bbox 1368 3550 1399 3600; x_wconf 80' lang='lat' dir='ltr'><strong>ll.</strong></span> <span class='ocrx_word' id='word_1_422' title='bbox 1440 3572 1442 3577; x_wconf 95' lang='lat'>·</span> 
     </span>
     <span class='ocr_line' id='line_1_41' title="bbox 224 3611 1399 3685; baseline 0.009 -24"><span class='ocrx_word' id='word_1_423' title='bbox 224 3620 250 3661; x_wconf 91' lang='lat' dir='ltr'><strong>et</strong></span> <span class='ocrx_word' id='word_1_424' title='bbox 264 3611 326 3659; x_wconf 85' lang='lat' dir='ltr'><strong>editi</strong></span> <span class='ocrx_word' id='word_1_425' title='bbox 342 3622 368 3660; x_wconf 89' lang='lat' dir='ltr'><strong>et</strong></span> <span class='ocrx_word' id='word_1_426' title='bbox 384 3613 481 3678; x_wconf 85' lang='lat' dir='ltr'><strong>aeripti,</strong></span> <span class='ocrx_word' id='word_1_427' title='bbox 499 3615 576 3665; x_wconf 85' lang='lat' dir='ltr'><strong>etiam</strong></span> <span class='ocrx_word' id='word_1_428' title='bbox 592 3616 620 3663; x_wconf 82' lang='lat' dir='ltr'><strong>ll.</strong></span> <span class='ocrx_word' id='word_1_429' title='bbox 638 3616 664 3663; x_wconf 82' lang='lat' dir='ltr'><strong>P.</strong></span> <span class='ocrx_word' id='word_1_430' title='bbox 681 3614 747 3662; x_wconf 88' lang='lat' dir='ltr'><strong>Gud.</strong></span> <span class='ocrx_word' id='word_1_431' title='bbox 761 3619 799 3664; x_wconf 90' lang='lat' dir='ltr'><strong>t.:</strong></span> <span class='ocrx_word' id='word_1_432' title='bbox 826 3618 858 3666; x_wconf 90' lang='lat' dir='ltr'><strong>D.</strong></span> <span class='ocrx_word' id='word_1_433' title='bbox 876 3619 893 3677; x_wconf 90' lang='lat' dir='ltr'><strong>l,</strong></span> <span class='ocrx_word' id='word_1_434' title='bbox 915 3618 953 3669; x_wconf 83' lang='lat'><strong>17.</strong></span> <span class='ocrx_word' id='word_1_435' title='bbox 971 3627 1034 3667; x_wconf 83' lang='lat' dir='ltr'><strong>extr.</strong></span> <span class='ocrx_word' id='word_1_436' title='bbox 1052 3634 1077 3685; x_wconf 91' lang='lat' dir='ltr'><strong>p.</strong></span> <span class='ocrx_word' id='word_1_437' title='bbox 1090 3618 1130 3670; x_wconf 78' lang='lat'><strong>79.</strong></span> <span class='ocrx_word' id='word_1_438' title='bbox 1168 3619 1206 3669; x_wconf 88' lang='lat' dir='ltr'><strong>Da</strong></span> <span class='ocrx_word' id='word_1_439' title='bbox 1223 3619 1303 3671; x_wconf 85' lang='lat' dir='ltr'><strong>verbo</strong></span> <span class='ocrx_word' id='word_1_440' title='bbox 1319 3621 1399 3684; x_wconf 64' lang='lat' dir='ltr'><strong>antd-</strong></span> 
     </span>
     <span class='ocr_line' id='line_1_42' title="bbox 223 3677 1398 3747; baseline 0.008 -21"><span class='ocrx_word' id='word_1_441' title='bbox 223 3677 293 3747; x_wconf 82' lang='lat' dir='ltr'><strong>qnnd</strong></span> <span class='ocrx_word' id='word_1_442' title='bbox 316 3679 457 3727; x_wconf 75' lang='lat' dir='ltr'><strong>sententiae</strong></span> <span class='ocrx_word' id='word_1_443' title='bbox 479 3680 600 3746; x_wconf 74' lang='lat' dir='ltr'><strong>refragari</strong></span> <span class='ocrx_word' id='word_1_444' title='bbox 623 3689 712 3729; x_wconf 86' lang='lat' dir='ltr'><strong>monet</strong></span> <span class='ocrx_word' id='word_1_445' title='bbox 730 3682 800 3731; x_wconf 85' lang='lat' dir='ltr'><strong>Bent-</strong></span> <span class='ocrx_word' id='word_1_446' title='bbox 824 3686 892 3734; x_wconf 74' lang='lat' dir='ltr'><strong>nudi</strong></span> <span class='ocrx_word' id='word_1_447' title='bbox 911 3703 934 3732; x_wconf 84' lang='lat' dir='ltr'><strong>v.</strong></span> <span class='ocrx_word' id='word_1_448' title='bbox 953 3684 1080 3736; x_wconf 77' lang='lat' dir='ltr'><strong>Adnotatu</strong></span> <span class='ocrx_word' id='word_1_449' title='bbox 1097 3695 1185 3736; x_wconf 83' lang='lat' dir='ltr'><strong>anatra</strong></span> <span class='ocrx_word' id='word_1_450' title='bbox 1200 3685 1228 3735; x_wconf 89' lang='lat' dir='ltr'><strong>iu</strong></span> <span class='ocrx_word' id='word_1_451' title='bbox 1242 3688 1285 3736; x_wconf 85' lang='lat' dir='ltr'><strong>tv.</strong></span> <span class='ocrx_word' id='word_1_452' title='bbox 1301 3690 1344 3745; x_wconf 75' lang='lat' dir='ltr'><strong>tt,</strong></span> <span class='ocrx_word' id='word_1_453' title='bbox 1359 3684 1398 3737; x_wconf 68' lang='lat' dir='ltr'><strong>di·</strong></span> 
     </span>
     <span class='ocr_line' id='line_1_43' title="bbox 222 3746 1399 3818; baseline 0.005 -22"><span class='ocrx_word' id='word_1_454' title='bbox 222 3750 296 3810; x_wconf 78' lang='lat' dir='ltr'><strong>tetaa3</strong></span> <span class='ocrx_word' id='word_1_455' title='bbox 321 3760 379 3793; x_wconf 88' lang='lat' dir='ltr'><strong>num</strong></span> <span class='ocrx_word' id='word_1_456' title='bbox 397 3761 448 3794; x_wconf 87' lang='lat' dir='ltr'><strong>noo</strong></span> <span class='ocrx_word' id='word_1_457' title='bbox 465 3746 518 3795; x_wconf 84' lang='lat' dir='ltr'><strong>eota</strong></span> <span class='ocrx_word' id='word_1_458' title='bbox 538 3755 627 3796; x_wconf 87' lang='lat' dir='ltr'><strong>natura</strong></span> <span class='ocrx_word' id='word_1_459' title='bbox 643 3746 801 3798; x_wconf 80' lang='lat' dir='ltr'><strong>honestatem</strong></span> <span class='ocrx_word' id='word_1_460' title='bbox 875 3756 1030 3818; x_wconf 80' lang='lat' dir='ltr'><strong>comedatur]</strong></span> <span class='ocrx_word' id='word_1_461' title='bbox 1058 3754 1091 3803; x_wconf 79' lang='lat' dir='ltr'><strong>tt.</strong></span> <span class='ocrx_word' id='word_1_462' title='bbox 1110 3771 1132 3803; x_wconf 90' lang='lat' dir='ltr'><strong>e.</strong></span> <span class='ocrx_word' id='word_1_463' title='bbox 1158 3754 1287 3804; x_wconf 81' lang='lat' dir='ltr'><strong>contentia</strong></span> <span class='ocrx_word' id='word_1_464' title='bbox 1311 3752 1399 3803; x_wconf 78' lang='lat' dir='ltr'><strong>ririhae</strong></span> 
     </span>
     <span class='ocr_line' id='line_1_44' title="bbox 223 3810 1399 3884; baseline 0.004 -18"><span class='ocrx_word' id='word_1_465' title='bbox 223 3813 322 3884; x_wconf 84' lang='lat' dir='ltr'><strong>expeti,</strong></span> <span class='ocrx_word' id='word_1_466' title='bbox 351 3810 397 3862; x_wconf 80' lang='lat' dir='ltr'><strong>aed</strong></span> <span class='ocrx_word' id='word_1_467' title='bbox 414 3821 439 3861; x_wconf 89' lang='lat' dir='ltr'><strong>et</strong></span> <span class='ocrx_word' id='word_1_468' title='bbox 455 3812 615 3880; x_wconf 72' lang='lat' dir='ltr'><strong>philosophia</strong></span> <span class='ocrx_word' id='word_1_469' title='bbox 632 3823 658 3863; x_wconf 92' lang='lat' dir='ltr'><strong>et</strong></span> <span class='ocrx_word' id='word_1_470' title='bbox 674 3826 742 3863; x_wconf 72' lang='lat' dir='ltr'><strong>recta</strong></span> <span class='ocrx_word' id='word_1_471' title='bbox 757 3834 799 3865; x_wconf 85' lang='lat' dir='ltr'><strong>ra-</strong></span> <span class='ocrx_word' id='word_1_472' title='bbox 824 3829 942 3870; x_wconf 85' lang='lat' dir='ltr'><strong>aectutur.</strong></span> <span class='ocrx_word' id='word_1_473' title='bbox 977 3820 1020 3870; x_wconf 83' lang='lat' dir='ltr'><strong>Sic</strong></span> <span class='ocrx_word' id='word_1_474' title='bbox 1032 3826 1120 3872; x_wconf 80' lang='lat' dir='ltr'><strong>conniti</strong></span> <span class='ocrx_word' id='word_1_475' title='bbox 1135 3831 1174 3869; x_wconf 87' lang='lat' dir='ltr'><strong>est</strong></span> <span class='ocrx_word' id='word_1_476' title='bbox 1197 3820 1327 3871; x_wconf 78' lang='lat' dir='ltr'><strong>eontentio</strong></span> <span class='ocrx_word' id='word_1_477' title='bbox 1342 3818 1399 3871; x_wconf 80' lang='lat' dir='ltr'><strong>viri-</strong></span> 
     </span>
     <span class='ocr_line' id='line_1_45' title="bbox 222 3880 1372 3947; baseline 0.004 -13"><span class='ocrx_word' id='word_1_478' title='bbox 222 3884 308 3944; x_wconf 85' lang='lat' dir='ltr'><strong>tione,</strong></span> <span class='ocrx_word' id='word_1_479' title='bbox 336 3881 436 3933; x_wconf 83' lang='lat' dir='ltr'><strong>virtute.</strong></span> <span class='ocrx_word' id='word_1_480' title='bbox 472 3880 539 3930; x_wconf 82' lang='lat' dir='ltr'><strong>Hinc</strong></span> <span class='ocrx_word' id='word_1_481' title='bbox 563 3885 604 3933; x_wconf 81' lang='lat' dir='ltr'><strong>Or·</strong></span> <span class='ocrx_word' id='word_1_482' title='bbox 631 3900 652 3933; x_wconf 91' lang='lat' dir='ltr'><strong>c.</strong></span> <span class='ocrx_word' id='word_1_483' title='bbox 675 3883 800 3933; x_wconf 74' lang='lat' dir='ltr'><strong>nonnullis</strong></span> <span class='ocrx_word' id='word_1_484' title='bbox 824 3884 870 3935; x_wconf 85' lang='lat' dir='ltr'><strong>bna</strong></span> <span class='ocrx_word' id='word_1_485' title='bbox 888 3885 943 3935; x_wconf 85' lang='lat' dir='ltr'><strong>niti.</strong></span> <span class='ocrx_word' id='word_1_486' title='bbox 978 3887 1018 3937; x_wconf 82' lang='lat' dir='ltr'><strong>Gi.</strong></span> <span class='ocrx_word' id='word_1_487' title='bbox 1038 3888 1165 3939; x_wconf 78' lang='lat' dir='ltr'><strong>Adnotatu</strong></span> <span class='ocrx_word' id='word_1_488' title='bbox 1182 3887 1208 3937; x_wconf 89' lang='lat' dir='ltr'><strong>in</strong></span> <span class='ocrx_word' id='word_1_489' title='bbox 1228 3886 1313 3947; x_wconf 74' lang='lat' dir='ltr'><strong>tta,</strong></span> <span class='ocrx_word' id='word_1_490' title='bbox 1331 3886 1372 3939; x_wconf 78' lang='grc'><strong>36.</strong></span> 
     </span>
     <span class='ocr_line' id='line_1_46' title="bbox 222 3948 1400 4021; baseline 0.003 -19"><span class='ocrx_word' id='word_1_491' title='bbox 222 3952 281 4002; x_wconf 90' lang='lat' dir='ltr'><strong>edd.</strong></span> <span class='ocrx_word' id='word_1_492' title='bbox 292 3961 354 4003; x_wconf 81' lang='lat' dir='ltr'><strong>vett.</strong></span> <span class='ocrx_word' id='word_1_493' title='bbox 370 3961 396 4001; x_wconf 88' lang='lat' dir='ltr'><strong>et</strong></span> <span class='ocrx_word' id='word_1_494' title='bbox 407 3949 532 4001; x_wconf 86' lang='lat' dir='ltr'><strong>nonnullia</strong></span> <span class='ocrx_word' id='word_1_495' title='bbox 544 3948 711 4001; x_wconf 80' lang='lat' dir='ltr'><strong>deterioribus</strong></span> <span class='ocrx_word' id='word_1_496' title='bbox 724 3951 798 4002; x_wconf 89' lang='lat' dir='ltr'><strong>codd.</strong></span> <span class='ocrx_word' id='word_1_497' title='bbox 882 3958 1019 4005; x_wconf 84' lang='lat' dir='ltr'><strong>eminentem</strong></span> <span class='ocrx_word' id='word_1_498' title='bbox 1034 3984 1069 3995; x_wconf 93' lang='lat'>—</span> <span class='ocrx_word' id='word_1_499' title='bbox 1086 3972 1134 4007; x_wconf 82' lang='lat' dir='ltr'><strong>aon</strong></span> <span class='ocrx_word' id='word_1_500' title='bbox 1157 3958 1315 4021; x_wconf 61' lang='lat' dir='ltr'><strong>adamanta]</strong></span> <span class='ocrx_word' id='word_1_501' title='bbox 1343 3952 1400 4005; x_wconf 62' lang='lat' dir='ltr'><strong>ate</strong></span> 
     </span>
     <span class='ocr_line' id='line_1_47' title="bbox 223 4017 1399 4089; baseline 0.002 -20"><span class='ocrx_word' id='word_1_502' title='bbox 223 4019 303 4069; x_wconf 89' lang='lat' dir='ltr'><strong>edidit</strong></span> <span class='ocrx_word' id='word_1_503' title='bbox 318 4035 392 4082; x_wconf 85' lang='lat' dir='ltr'><strong>quom</strong></span> <span class='ocrx_word' id='word_1_504' title='bbox 407 4034 500 4069; x_wconf 83' lang='lat' dir='ltr'><strong>anam</strong></span> <span class='ocrx_word' id='word_1_505' title='bbox 517 4035 540 4068; x_wconf 92' lang='lat' dir='ltr'><strong>n.</strong></span> <span class='ocrx_word' id='word_1_506' title='bbox 577 4017 619 4067; x_wconf 84' lang='lat' dir='ltr'><strong>Sic</strong></span> <span class='ocrx_word' id='word_1_507' title='bbox 639 4018 705 4069; x_wconf 81' lang='lat' dir='ltr'><strong>inira</strong></span> <span class='ocrx_word' id='word_1_508' title='bbox 720 4038 742 4073; x_wconf 88' lang='lat' dir='ltr'><strong>c.</strong></span> <span class='ocrx_word' id='word_1_509' title='bbox 759 4019 796 4078; x_wconf 86' lang='lat' dir='ltr'><strong>tii,</strong></span> <span class='ocrx_word' id='word_1_510' title='bbox 823 4029 912 4086; x_wconf 80' lang='lat' dir='ltr'><strong>gunter</strong></span> <span class='ocrx_word' id='word_1_511' title='bbox 931 4021 1018 4071; x_wconf 86' lang='lat' dir='ltr'><strong>Cicero</strong></span> <span class='ocrx_word' id='word_1_512' title='bbox 1035 4023 1208 4089; x_wconf 80' lang='lat' dir='ltr'><strong>metaphoram</strong></span> <span class='ocrx_word' id='word_1_513' title='bbox 1227 4040 1259 4073; x_wconf 84' lang='lat' dir='ltr'><strong>ea</strong></span> <span class='ocrx_word' id='word_1_514' title='bbox 1275 4021 1399 4089; x_wconf 81' lang='lat' dir='ltr'><strong>acailptura</strong></span> 
     </span>
     <span class='ocr_line' id='line_1_48' title="bbox 222 4082 1398 4157; baseline 0.002 -22"><span class='ocrx_word' id='word_1_515' title='bbox 222 4082 270 4135; x_wconf 68' lang='lat'><strong>34:</strong></span> <span class='ocrx_word' id='word_1_516' title='bbox 297 4102 361 4152; x_wconf 89' lang='lat' dir='ltr'><strong>quae</strong></span> <span class='ocrx_word' id='word_1_517' title='bbox 385 4086 505 4153; x_wconf 87' lang='lat' dir='ltr'><strong>cogitatio</strong></span> <span class='ocrx_word' id='word_1_518' title='bbox 528 4104 576 4136; x_wconf 90' lang='lat' dir='ltr'><strong>uua</strong></span> <span class='ocrx_word' id='word_1_519' title='bbox 593 4086 698 4136; x_wconf 84' lang='lat' dir='ltr'><strong>maxime</strong></span> <span class='ocrx_word' id='word_1_520' title='bbox 715 4088 797 4137; x_wconf 82' lang='lat' dir='ltr'><strong>mola-</strong></span> <span class='ocrx_word' id='word_1_521' title='bbox 823 4088 926 4154; x_wconf 84' lang='lat' dir='ltr'><strong>potitam</strong></span> <span class='ocrx_word' id='word_1_522' title='bbox 939 4088 1398 4157; x_wconf 78' lang='lat' dir='ltr'><strong>percingnlahuinaaeatautiaererho</strong></span> 
     </span>
     <span class='ocr_line' id='line_1_49' title="bbox 222 4150 1397 4223; baseline 0.004 -24"><span class='ocrx_word' id='word_1_523' title='bbox 222 4150 282 4199; x_wconf 87' lang='lat' dir='ltr'><strong>atina</strong></span> <span class='ocrx_word' id='word_1_524' title='bbox 300 4169 385 4202; x_wconf 81' lang='lat' dir='ltr'><strong>omriea</strong></span> <span class='ocrx_word' id='word_1_525' title='bbox 402 4165 529 4204; x_wconf 82' lang='lat' dir='ltr'><strong>extenuat.</strong></span> <span class='ocrx_word' id='word_1_526' title='bbox 565 4153 627 4203; x_wconf 85' lang='lat' dir='ltr'><strong>Mihi</strong></span> <span class='ocrx_word' id='word_1_527' title='bbox 645 4172 705 4203; x_wconf 86' lang='lat' dir='ltr'><strong>vero</strong></span> <span class='ocrx_word' id='word_1_528' title='bbox 726 4156 798 4205; x_wconf 89' lang='lat' dir='ltr'><strong>aliter</strong></span> <span class='ocrx_word' id='word_1_529' title='bbox 823 4169 967 4222; x_wconf 78' lang='lat' dir='ltr'><strong>piamecutua</strong></span> <span class='ocrx_word' id='word_1_530' title='bbox 985 4168 1031 4207; x_wconf 86' lang='lat' dir='ltr'><strong>eat.</strong></span> <span class='ocrx_word' id='word_1_531' title='bbox 1062 4162 1173 4211; x_wconf 80' lang='lat' dir='ltr'><strong>Eminene</strong></span> <span class='ocrx_word' id='word_1_532' title='bbox 1186 4160 1277 4223; x_wconf 69' lang='lat' dir='ltr'><strong>emita</strong></span> <span class='ocrx_word' id='word_1_533' title='bbox 1288 4165 1326 4209; x_wconf 81' lang='lat' dir='ltr'><strong>eat</strong></span> <span class='ocrx_word' id='word_1_534' title='bbox 1340 4165 1397 4205; x_wconf 83' lang='lat' dir='ltr'><strong>ata-</strong></span> 
     </span>
     <span class='ocr_line' id='line_1_50' title="bbox 223 4216 1397 4295; baseline 0.003 -28"><span class='ocrx_word' id='word_1_535' title='bbox 223 4216 256 4267; x_wconf 89' lang='lat' dir='ltr'><strong>de</strong></span> <span class='ocrx_word' id='word_1_536' title='bbox 278 4217 303 4266; x_wconf 89' lang='lat' dir='ltr'><strong>h.</strong></span> <span class='ocrx_word' id='word_1_537' title='bbox 321 4218 338 4267; x_wconf 91' lang='lat' dir='ltr'><strong>l.</strong></span> <span class='ocrx_word' id='word_1_538' title='bbox 363 4222 522 4271; x_wconf 80' lang='lat' dir='ltr'><strong>statuendum</strong></span> <span class='ocrx_word' id='word_1_539' title='bbox 548 4222 655 4272; x_wconf 82' lang='lat' dir='ltr'><strong>vidntur.</strong></span> <span class='ocrx_word' id='word_1_540' title='bbox 697 4222 797 4272; x_wconf 81' lang='lat' dir='ltr'><strong>Scilicet</strong></span> <span class='ocrx_word' id='word_1_541' title='bbox 822 4233 865 4273; x_wconf 88' lang='lat' dir='ltr'><strong>tna</strong></span> <span class='ocrx_word' id='word_1_542' title='bbox 884 4235 982 4283; x_wconf 88' lang='lat' dir='ltr'><strong>erecta,</strong></span> <span class='ocrx_word' id='word_1_543' title='bbox 1002 4225 1128 4283; x_wconf 83' lang='lat' dir='ltr'><strong>anhlimia;</strong></span> <span class='ocrx_word' id='word_1_544' title='bbox 1155 4226 1291 4295; x_wconf 75' lang='lat' dir='ltr'><strong>eademque</strong></span> <span class='ocrx_word' id='word_1_545' title='bbox 1304 4220 1397 4273; x_wconf 79' lang='lat' dir='ltr'><strong>dicitur</strong></span> 
     </span>
     <span class='ocr_line' id='line_1_51' title="bbox 221 4289 1398 4359; baseline 0.011 -26"><span class='ocrx_word' id='word_1_546' title='bbox 221 4300 313 4333; x_wconf 85' lang='lat' dir='ltr'><strong>nomen</strong></span> <span class='ocrx_word' id='word_1_547' title='bbox 329 4291 444 4347; x_wconf 79' lang='lat' dir='ltr'><strong>naturae,</strong></span> <span class='ocrx_word' id='word_1_548' title='bbox 462 4306 477 4335; x_wconf 86' lang='lat' dir='ltr'><strong>e</strong></span> <span class='ocrx_word' id='word_1_549' title='bbox 493 4289 636 4339; x_wconf 78' lang='lat' dir='ltr'><strong>Stoicorum</strong></span> <span class='ocrx_word' id='word_1_550' title='bbox 651 4300 734 4338; x_wconf 85' lang='lat' dir='ltr'><strong>mente</strong></span> <span class='ocrx_word' id='word_1_551' title='bbox 754 4291 796 4358; x_wconf 59' lang='grc' dir='ltr'><strong>[τῇ</strong></span> <span class='ocrx_word' id='word_1_552' title='bbox 821 4294 898 4343; x_wconf 83' lang='lat' dir='ltr'><strong>antido</strong></span> <span class='ocrx_word' id='word_1_553' title='bbox 907 4330 915 4354; x_wconf 94' lang='lat'><em>‚</em></span> <span class='ocrx_word' id='word_1_554' title='bbox 933 4292 957 4341; x_wconf 85' lang='lat' dir='ltr'><strong>h.</strong></span> <span class='ocrx_word' id='word_1_555' title='bbox 968 4312 990 4345; x_wconf 89' lang='lat' dir='ltr'><strong>a.</strong></span> <span class='ocrx_word' id='word_1_556' title='bbox 1009 4312 1023 4342; x_wconf 91' lang='lat' dir='ltr'><strong>e</strong></span> <span class='ocrx_word' id='word_1_557' title='bbox 1041 4294 1111 4343; x_wconf 85' lang='lat' dir='ltr'><strong>firma</strong></span> <span class='ocrx_word' id='word_1_558' title='bbox 1128 4294 1235 4344; x_wconf 88' lang='lat' dir='ltr'><strong>materia</strong></span> <span class='ocrx_word' id='word_1_559' title='bbox 1250 4290 1398 4359; x_wconf 64' lang='lat' dir='ltr'><strong>composita,</strong></span> 
     </span>
     <span class='ocr_line' id='line_1_52' title="bbox 221 4349 1400 4426; baseline 0.007 -23"><span class='ocrx_word' id='word_1_560' title='bbox 221 4349 298 4419; x_wconf 70' lang='lat' dir='ltr'><strong>pinet</strong></span> <span class='ocrx_word' id='word_1_561' title='bbox 313 4349 430 4407; x_wconf 61' lang='grc' dir='ltr'><strong>ἔπεσθαιι</strong></span> <span class='ocrx_word' id='word_1_562' title='bbox 446 4355 625 4418; x_wconf 71' lang='lat' dir='ltr'><strong>accipiendum.</strong></span> <span class='ocrx_word' id='word_1_563' title='bbox 642 4355 709 4405; x_wconf 86' lang='lat' dir='ltr'><strong>idem</strong></span> <span class='ocrx_word' id='word_1_564' title='bbox 722 4357 796 4417; x_wconf 85' lang='lat' dir='ltr'><strong>valet,</strong></span> <span class='ocrx_word' id='word_1_565' title='bbox 822 4368 849 4408; x_wconf 91' lang='lat' dir='ltr'><strong>ct</strong></span> <span class='ocrx_word' id='word_1_566' title='bbox 867 4376 993 4422; x_wconf 73' lang='lat' dir='ltr'><strong>cupream,</strong></span> <span class='ocrx_word' id='word_1_567' title='bbox 1018 4362 1043 4411; x_wconf 91' lang='lat' dir='ltr'><strong>h.</strong></span> <span class='ocrx_word' id='word_1_568' title='bbox 1061 4378 1083 4412; x_wconf 89' lang='lat' dir='ltr'><strong>e.</strong></span> <span class='ocrx_word' id='word_1_569' title='bbox 1102 4358 1178 4426; x_wconf 86' lang='lat' dir='ltr'><strong>plane</strong></span> <span class='ocrx_word' id='word_1_570' title='bbox 1195 4362 1339 4417; x_wconf 84' lang='lat' dir='ltr'><strong>elaborata,</strong></span> <span class='ocrx_word' id='word_1_571' title='bbox 1364 4370 1400 4419; x_wconf 84' lang='lat' dir='ltr'><strong>nt,</strong></span> 
     </span>
     <span class='ocr_line' id='line_1_53' title="bbox 221 4418 1397 4502; baseline 0.008 -35"><span class='ocrx_word' id='word_1_572' title='bbox 221 4418 289 4488; x_wconf 90' lang='lat' dir='ltr'><strong>qnod</strong></span> <span class='ocrx_word' id='word_1_573' title='bbox 305 4430 373 4469; x_wconf 83' lang='lat' dir='ltr'><strong>reeta</strong></span> <span class='ocrx_word' id='word_1_574' title='bbox 390 4419 428 4467; x_wconf 88' lang='lat' dir='ltr'><strong>vel</strong></span> <span class='ocrx_word' id='word_1_575' title='bbox 446 4419 560 4470; x_wconf 85' lang='lat' dir='ltr'><strong>abanlutn</strong></span> <span class='ocrx_word' id='word_1_576' title='bbox 575 4422 656 4478; x_wconf 70' lang='lat' dir='ltr'><strong>ratioa</strong></span> <span class='ocrx_word' id='word_1_577' title='bbox 675 4425 796 4502; x_wconf 80' lang='lat' dir='ltr'><strong>quemad·</strong></span> <span class='ocrx_word' id='word_1_578' title='bbox 823 4444 895 4493; x_wconf 83' lang='lat' dir='ltr'><strong>qoem</strong></span> <span class='ocrx_word' id='word_1_579' title='bbox 914 4427 1022 4487; x_wconf 83' lang='lat' dir='ltr'><strong>referat,</strong></span> <span class='ocrx_word' id='word_1_580' title='bbox 1048 4429 1133 4477; x_wconf 86' lang='lat' dir='ltr'><strong>atatim</strong></span> <span class='ocrx_word' id='word_1_581' title='bbox 1158 4430 1227 4479; x_wconf 86' lang='lat' dir='ltr'><strong>cerni</strong></span> <span class='ocrx_word' id='word_1_582' title='bbox 1244 4429 1334 4497; x_wconf 76' lang='lat' dir='ltr'><strong>pouit.</strong></span> <span class='ocrx_word' id='word_1_583' title='bbox 1366 4428 1397 4477; x_wconf 82' lang='lat' dir='ltr'><strong>V.</strong></span> 
     </span>
     <span class='ocr_line' id='line_1_54' title="bbox 220 4485 1401 4561; baseline 0.006 -23"><span class='ocrx_word' id='word_1_584' title='bbox 220 4485 323 4538; x_wconf 83' lang='lat' dir='ltr'><strong>modum</strong></span> <span class='ocrx_word' id='word_1_585' title='bbox 347 4496 430 4537; x_wconf 87' lang='lat' dir='ltr'><strong>autem</strong></span> <span class='ocrx_word' id='word_1_586' title='bbox 456 4487 520 4537; x_wconf 91' lang='lat' dir='ltr'><strong>ratio</strong></span> <span class='ocrx_word' id='word_1_587' title='bbox 542 4506 617 4556; x_wconf 76' lang='lat' dir='ltr'><strong>aarepe</strong></span> <span class='ocrx_word' id='word_1_588' title='bbox 638 4490 729 4542; x_wconf 82' lang='lat' dir='ltr'><strong>dieitur</strong></span> <span class='ocrx_word' id='word_1_589' title='bbox 750 4511 796 4560; x_wconf 88' lang='lat' dir='ltr'><strong>pro</strong></span> <span class='ocrx_word' id='word_1_590' title='bbox 821 4496 922 4545; x_wconf 79' lang='lat' dir='ltr'><strong>Erneatii</strong></span> <span class='ocrx_word' id='word_1_591' title='bbox 940 4494 1008 4543; x_wconf 87' lang='lat' dir='ltr'><strong>Glnv.</strong></span> <span class='ocrx_word' id='word_1_592' title='bbox 1026 4496 1138 4545; x_wconf 86' lang='lat' dir='ltr'><strong>Ciceron.</strong></span> <span class='ocrx_word' id='word_1_593' title='bbox 1156 4514 1179 4544; x_wconf 87' lang='lat' dir='ltr'><strong>v.</strong></span> <span class='ocrx_word' id='word_1_594' title='bbox 1194 4512 1328 4561; x_wconf 70' lang='lat' dir='ltr'><strong>aptam.</strong></span> <span class='ocrx_word' id='word_1_595' title='bbox 1361 4494 1401 4546; x_wconf 75' lang='lat' dir='ltr'><strong>sta</strong></span> 
     </span>
     <span class='ocr_line' id='line_1_55' title="bbox 221 4555 1400 4638; baseline 0.007 -30"><span class='ocrx_word' id='word_1_596' title='bbox 221 4555 378 4613; x_wconf 71' lang='lat' dir='ltr'><strong>hominibus,</strong></span> <span class='ocrx_word' id='word_1_597' title='bbox 396 4555 437 4637; x_wconf 87' lang='lat' dir='ltr'><strong>qui</strong></span> <span class='ocrx_word' id='word_1_598' title='bbox 456 4555 578 4607; x_wconf 87' lang='lat' dir='ltr'><strong>rationem</strong></span> <span class='ocrx_word' id='word_1_599' title='bbox 593 4569 743 4638; x_wconf 84' lang='lat' dir='ltr'><strong>aequantur,</strong></span> <span class='ocrx_word' id='word_1_600' title='bbox 761 4560 797 4609; x_wconf 86' lang='lat' dir='ltr'><strong>aio</strong></span> <span class='ocrx_word' id='word_1_601' title='bbox 823 4560 890 4610; x_wconf 81' lang='lat' dir='ltr'><strong>Cael.</strong></span> <span class='ocrx_word' id='word_1_602' title='bbox 905 4563 930 4621; x_wconf 80' lang='grc' dir='ltr'><strong>ὁ,</strong></span> <span class='ocrx_word' id='word_1_603' title='bbox 952 4561 996 4612; x_wconf 76' lang='lat' dir='ltr'><strong>l&#39;t:</strong></span> <span class='ocrx_word' id='word_1_604' title='bbox 1014 4579 1061 4614; x_wconf 83' lang='lat' dir='ltr'><strong>non</strong></span> <span class='ocrx_word' id='word_1_605' title='bbox 1076 4578 1189 4627; x_wconf 72' lang='lat' dir='ltr'><strong>capream</strong></span> <span class='ocrx_word' id='word_1_606' title='bbox 1202 4568 1283 4628; x_wconf 76' lang='lat' dir='ltr'><strong>aipnn,</strong></span> <span class='ocrx_word' id='word_1_607' title='bbox 1299 4568 1346 4616; x_wconf 82' lang='lat' dir='ltr'><strong>aed</strong></span> <span class='ocrx_word' id='word_1_608' title='bbox 1359 4566 1400 4615; x_wconf 75' lang='lat' dir='ltr'><strong>nd·</strong></span> 
     </span>
     <span class='ocr_line' id='line_1_56' title="bbox 222 4623 1399 4694; baseline 0.01 -19"><span class='ocrx_word' id='word_1_609' title='bbox 222 4624 274 4677; x_wconf 89' lang='lat' dir='ltr'><strong>h.l.</strong></span> <span class='ocrx_word' id='word_1_610' title='bbox 291 4631 380 4679; x_wconf 77' lang='lat' dir='ltr'><strong>norma</strong></span> <span class='ocrx_word' id='word_1_611' title='bbox 393 4624 411 4675; x_wconf 84' lang='lat' dir='ltr'><strong>it</strong></span> <span class='ocrx_word' id='word_1_612' title='bbox 429 4623 540 4676; x_wconf 75' lang='lat' dir='ltr'><strong>hominen</strong></span> <span class='ocrx_word' id='word_1_613' title='bbox 558 4624 714 4694; x_wconf 78' lang='lat' dir='ltr'><strong>intelligendi</strong></span> <span class='ocrx_word' id='word_1_614' title='bbox 729 4636 795 4689; x_wconf 86' lang='lat' dir='ltr'><strong>aunt,</strong></span> <span class='ocrx_word' id='word_1_615' title='bbox 821 4631 934 4680; x_wconf 76' lang='grc' dir='ltr'><strong>ιιιιιιιιιια</strong></span> <span class='ocrx_word' id='word_1_616' title='bbox 959 4633 1081 4682; x_wconf 62' lang='lat' dir='ltr'><strong>chartam</strong></span> <span class='ocrx_word' id='word_1_617' title='bbox 1129 4630 1225 4684; x_wconf 72' lang='lat' dir='ltr'><strong>Coum</strong></span> <span class='ocrx_word' id='word_1_618' title='bbox 1257 4634 1399 4686; x_wconf 66' lang='lat' dir='ltr'><strong>oenum</strong></span> 
     </span>
    </p>
   </div>
   <div class='ocr_carea' id='block_1_4' title="bbox 0 0 1448 5512">
    <p class='ocr_par' dir='ltr' id='par_1_4' title="bbox 0 0 1448 5512">
     <span class='ocr_line' id='line_1_57' title="bbox 0 0 1448 5512; baseline 0 0"><span class='ocrx_word' id='word_1_619' title='bbox 0 0 1448 5512; x_wconf 95' lang='lat' dir='ltr'><strong> </strong></span> 
     </span>
    </p>
   </div>
  </div>
 </body>
</html>
