2946 5550
610 320 865 372 rnonueonrns.
1288 313 1329 379 99

145 455 205 519 est,
234 443 393 522 oppositae
411 450 484 500 sunt
501 441 679 521 ostensiones
698 441 1025 523 (Ver-obsclremmgm)
1035 486 1046 513 ,
1069 465 1144 522 quae
1162 445 1272 506 habent
1288 452 1327 510 ad

144 557 311 608 1111111111
332 543 501 616 fastidium,
530 552 565 600 ut
579 542 735 602 mulierum
752 544 868 618 odium,
894 531 940 619 et,
970 555 1007 603 ut
1029 546 1125 604 morbi
1143 529 1326 624 aegrotatio-

145 668 259 727 nesque
274 645 400 704 libidine
416 665 451 703 ac
464 643 578 702 laetitia
584 687 592 717 ,
614 644 657 702 sic
673 644 727 705 hae
740 655 821 703 metu
832 655 1004 705 moventur.
1026 668 1052 707 c.
1068 653 1118 707 10.
1161 649 1260 708 Morbi
1273 672 1324 710 ae-

144 751 392 832 grotationesque
407 746 587 825 cogitatione
603 746 683 803 inter
703 766 733 805 se
754 746 913 822 differunt,
935 768 969 806 re
987 749 1127 825 copulata
1146 762 1226 809 sunt.
1270 756 1325 812 Se-

146 852 255 929 quitur
280 849 405 908 uberior
431 847 581 926 expositio
605 849 780 905 morborum
808 849 1104 926 aegrotationumque
1130 860 1159 908 et
1187 872 1263 928 quae
1286 856 1327 914 eis

147 952 322 1011 contrariae
337 959 409 1009 sunt
428 948 638 1008 oll'ensionum.
661 969 686 1006 1.
703 954 753 1007 11.
799 950 911 1008 Deinde
928 950 1065 1028 corporis
1083 951 1233 1030 animique
1248 957 1326 1014 vali·
1374 1022 1379 1032 ¹

147 1053 267 1112 tudinis
288 1051 513 1112 similitudinem
534 1049 628 1107 fusius
654 1052 857 1129 persequitur.
901 1051 1157 1124 Quemadmodum
1177 1057 1255 1113 enim
1269 1058 1328 1116 ,alii

150 1155 187 1214 ad
209 1156 285 1214 alios
308 1154 430 1212 morbos
451 1151 651 1231 procliviores
673 1162 758 1225 sunt,
786 1151 830 1211 sic
852 1153 902 1210 alii
926 1154 964 1212 ad
983 1154 1054 1212 alias
1075 1157 1326 1235 perturbationes,

148 1278 176 1316 c.
197 1263 249 1316 ta.
268 1266 298 1315 et
313 1266 349 1315 ut
363 1255 397 1312 in
421 1271 552 1331 corpore
574 1262 604 1310 et
623 1254 745 1312 morbus
765 1264 795 1313 et
815 1256 981 1333 aegrotatio
1006 1266 1036 1314 11
1060 1256 1168 1315 vitium
1193 1269 1252 1333 est,
1283 1261 1327 1319 sic

148 1356 184 1417 in
199 1359 311 1416 animo.
352 1355 523 1434 Explicatio
545 1353 718 1413 vitiositatis
735 1357 768 1413 iu
789 1357 899 1415 animo.
943 1357 1039 1415 Porro
1055 1357 1087 1415 in
1103 1359 1328 1439 bonis'quoqne
1422 1429 1430 1443 ἱ

148 1459 246 1517 animi
271 1467 410 1517 naturam
431 1455 552 1533 attingit
575 1457 714 1533 corporis
735 1456 916 1531 similitudo,
949 1468 1019 1516 sunt
1042 1459 1119 1515 enim
1142 1461 1175 1516 in
1200 1481 1328 1539 corpore

148 1556 368 1639 pulchritudo,
389 1557 467 1616 vires
474 1600 483 1631 ,
504 1556 656 1629 valitudo,
677 1555 813 1631 firmitas,
833 1557 989 1633 velocitas,
1010 1559 1163 1617 ausititem
1176 1561 1207 1618 in
1220 1564 1329 1622 animo.

152 1682 183 1720 c.
205 1664 258 1720 13.
299 1658 374 1718 lllud
395 1668 491 1717 autem
508 1658 676 1716 animorum
693 1678 914 1736 corporumque
931 1659 1086 1733 dissimile,
1117 1660 1199 1737 quod
1215 1683 1328 1742 corpo-

149 1782 223 1822 rum
243 1761 317 1818 rrmla
332 1756 464 1840 (morbi)
475 1759 539 1817 sins
559 1759 646 1838 culpa
663 1760 797 1819 accidere
815 1771 956 1838 possunt,
985 1761 1152 1820 animorum
1171 1784 1233 1822 non
1248 1765 1327 1826 item.

152 1864 290 1939 Denique
310 1861 490 1940 exponitur,
522 1860 596 1938 quid
614 1861 648 1919 in
664 1862 944 1941 perturbationibus
970 1863 1060 1921 animi
1084 1863 1227 1925 differant
1244 1867 1328 1947 inge-

151 1965 234 2023 niosi
257 1962 392 2021 homines
414 1972 444 2021 et
465 1961 593 2021 habetes.
615 1983 640 2021 1.
658 1967 707 2022 tt.

241 2086 267 2123 c.
317 2065 480 2123 Cirnclusio
502 2064 614 2141 primae
638 2065 735 2143 partis
752 2064 967 2142 disputationis
990 2064 1027 2122 de
1049 2066 1330 2143 perturbationibus

150 2176 183 2226 et
205 2165 356 2225 transitus
377 2164 416 2223 ad
438 2164 561 2224 11111111
581 2175 707 2244 partem.
729 2187 754 2225 c.
775 2168 825 2225 11.
846 2162 878 2244 §-
893 2170 944 2225 ss.

573 2388 608 2447 1.
650 2386 925 2463 1111111111,

640 2534 691 2579 Qua
708 2534 850 2580 PROBATUR,

283 2616 585 2674 Puuwnsartotms
602 2619 639 2670 IN
658 2619 849 2672 SAPIENTEM
868 2620 1088 2671 1111111011
1106 2622 1213 2673 POSSE.

241 2800 269 2837 a.
313 2778 562 2856 Argumentum,
584 2796 645 2854 quo
659 2777 817 2855 probatur,
840 2776 1001 2854 sapientem
1015 2777 1154 2836 omnibus
1168 2780 1346 2858 perturba·-

155 2881 293 2941 tionibus
309 2897 427 2937 vacare.
471 2879 510 2936 Ut
528 2878 629 2936 virtus
640 2886 684 2935 est
698 2877 815 2936 allectio
830 2878 919 2936 animi
936 2890 1074 2937 constans
1088 2881 1332 2957 conveniensque,

155 2981 323 3041 laudabiles
336 2978 464 3038 efficiens
481 2999 542 3055 eos,
564 2980 595 3037 in
612 2979 721 3056 quibus
736 2989 789 3053 est,
810 2980 919 3058 etipsa
934 3000 988 3057 per
1002 2999 1073 3052 sese,
1095 2989 1231 3055 separata
1246 2980 1333 3038 etiam

160 3083 311 3154 utilitate,
342 3078 513 3156 laudabilis,
544 3100 581 3139 ex
606 3100 697 3158 eaque
724 3081 960 3159 proficiscuntur
989 3079 1130 3136 honestae
1154 3078 1334 3154 voluntates,

160 3184 299 3242 actiones
314 3182 466 3260 omnisque
479 3193 559 3241 recta
575 3182 670 3240 ratio:
692 3182 733 3240 ita
748 3181 895 3240 vitiositas
912 3180 1037 3238 virtutis
1054 3179 1207 3238 contraria
1223 3191 1275 3257 est,
1296 3202 1334 3242 ex

159 3303 257 3362 eaque
274 3282 461 3342 concitantur
482 3283 739 3362 perturbationes:
768 3303 843 3359 quae
861 3281 1002 3359 quoniam
1020 3300 1134 3338 omnem
1152 3282 1241 3341 animi
1259 3305 1333 3343 con·

160 3385 304 3446 stantiam
319 3383 443 3460 tollunt,
464 3384 613 3443 hominem
629 3395 658 3441 et
672 3384 797 3441 miseriis
811 3384 963 3464 affligunt,
985 3392 1016 3443 et
1030 3382 1217 3443 deformitate
1230 3385 1334 3462 inqui-

160 3498 243 3547 nant.
266 3492 364 3565 ors.
386 3490 436 3546 16.
462 3487 559 3564 princ.
603 3485 727 3564 Sapiens
753 3495 850 3543 autem
874 3486 899 3543 is
921 3495 979 3561 est,
1010 3484 1063 3561 qui
1084 3479 1287 3546 moderatione
1307 3499 1336 3545 et

161 3588 333 3649 mactantis
351 3587 469 3665 quietus
486 3589 584 3646 animo
601 3597 645 3647 est
663 3588 779 3663 sibique
792 3587 856 3666 ipse
874 3587 1009 3667 placatus
1028 3606 1187 3664 omnesque
1207 3607 1255 3646 res
1274 3587 1334 3647 liu-

136 3729 138 3733 ·
161 3711 261 3751 mnas
274 3691 433 3750 inferiores
450 3689 624 3764 seducens,
653 3690 755 3748 beatus
772 3686 877 3766 igitur.
920 3691 965 3748 ux
984 3689 1026 3747 eis
1040 3689 1134 3768 igitur
1150 3689 1337 3768 intelligitur,

161 3793 337 3852 sententiam
362 3791 565 3870 propositam,
596 3795 630 3849 in
652 3796 820 3868 sapientem
837 3791 1084 3868 perturbationes
1107 3792 1213 3850 cadere
1235 3813 1336 3868 posse,

162 3912 427 3973 seeumpugnere.
448 3889 480 3970 §.
500 3898 550 3952 36.
573 3913 600 3951 c.
622 3896 670 3952 17.
692 3889 866 3969 13118.

244 3996 276 4053 b.
311 3994 480 4070 Restitutio
492 3997 776 4072 Peripateticorum.
814 3992 1005 4069 Peripatetici
1021 3993 1261 4069 perturbationes
1276 4009 1338 4048 non

161 4094 253 4155 modo
263 4094 415 4155 naturales
428 4114 489 4153 esse
501 4094 648 4170 dicebant,
669 4093 823 4153 sedetiam
838 4093 955 4152 utiliter
969 4103 1109 4152 enatura
1123 4091 1216 4165 datas,
1239 4076 1338 4170 eisque

112 4218 117 4225 ·
162 4200 284 4258 modurn
306 4195 519 4256 adhibendum.
564 4196 623 4253 Has
643 4197 803 4254 sententias
824 4196 864 4253 ita
883 4196 997 4254 refutat
1012 4195 1134 4269 Cicero,
1165 4204 1198 4252 ut
1215 4194 1338 4255 demon-

161 4309 250 4374 stret,
280 4299 358 4359 vitio
383 4297 502 4355 nullum
522 4294 723 4354 adhibendum
743 4297 955 4370 essemodum3
983 4317 1048 4353 nam
1068 4299 1202 4373 quamvis
1219 4284 1339 4355 modum

162 4411 262 4460 lenem
278 4402 311 4459 in
322 4397 616 4478 perturbationibus,
639 4407 737 4456 tamen
750 4398 860 4456 vitium
872 4409 901 4456 te
916 4398 1107 4470 committere,
1131 4399 1270 4476 quoniam
1287 4418 1339 4457 ra·

164 4503 317 4561 1111111011
336 4519 458 4580 paream
482 4519 578 4577 neque
592 4499 657 4559 eius
673 4499 753 4559 modi
769 4500 909 4559 terminos
929 4500 1069 4559 constitui
1090 4519 1191 4579 posse3
1213 4500 1340 4575 denique
