2946 5550
289 343 353 411 460
723 356 847 408 urana
866 352 1019 416 veum

286 500 350 543 rem
370 479 407 543 ob
421 479 450 541 id
466 479 579 563 ipsum,
604 477 671 561 quia
685 476 769 538 dolor
781 477 836 555 sit,
861 496 977 559 semper
993 494 1060 537 esse
1078 474 1263 557 fugiendum
1287 474 1390 557 itaque
1405 473 1455 537 bae

286 610 404 653 usurum
423 589 659 674 compensatione
684 586 864 671 sapientem,
894 597 926 648 ut
944 590 997 648 et⁶
1026 585 1203 669 voluptatem
1224 586 1335 669 lugiet,
1368 586 1393 648 si
1421 608 1452 649 ea

286 701 425 762 maiorem
444 699 574 762 dolorem
588 698 729 761 effectura
743 697 798 776 sit,
824 708 854 759 et
868 696 997 758 dolorem
1013 694 1154 780 suscipiat
1169 695 1312 758 maiorem
1329 696 1452 758 efficien-

286 824 343 872 tem
363 810 558 893 voluptatem,
590 809 744 891 omniaque
767 808 909 883 iucunda,
942 827 1103 889 quanquam
1123 827 1212 869 sensu
1230 809 1367 890 corporis
1385 806 1453 869 iudi·

285 930 405 996 centur,
430 921 466 982 ad
482 920 608 982 animum
629 918 732 980 reterri
749 929 866 995 tamen3
890 927 943 981 96.
967 916 1104 1000 quocirca
1122 937 1228 1001 corpus
1246 918 1377 1000 gaudere
1394 926 1451 979 tam

286 1030 349 1107 din,
383 1031 448 1093 dum
466 1040 648 1113 praesentem
673 1026 821 1091 sentiret⁶
841 1029 1038 1112 voluptatem,
1069 1026 1197 1089 animum
1214 1038 1245 1088 et
1270 1036 1451 1111 praesentem

284 1140 437 1226 percipere
458 1141 568 1223 pariter
585 1161 649 1201 cunr
666 1159 790 1222 corpore
812 1149 842 1201 et
865 1138 1033 1223 prospicere
1056 1138 1223 1201 venientem
1249 1158 1306 1200 nce
1325 1149 1449 1223 praeter·

284 1252 354 1315 itam
380 1252 590 1336 praeterllucre
616 1251 732 1328 sinere;
765 1249 805 1311 ita
824 1259 978 1335 perpetuas
995 1259 1025 1311 et
1051 1258 1208 1311 contextas
1232 1249 1401 1333 voluptates
1423 1248 1451 1311 in

284 1362 416 1445 sapiente
436 1363 499 1424 lore
517 1381 649 1445 semper,
679 1382 765 1444 quum
787 1360 969 1444 exspectatio
985 1370 1167 1443 speratarum
1185 1357 1367 1444 voluptatum
1385 1378 1451 1443 per·

286 1483 432 1557 ccptarum
456 1471 597 1535 memoria
620 1471 829 1554 iungereturl.

366 1579 521 1645 XXXIV.
546 1591 599 1645 91.
619 1582 718 1664 Atque
733 1580 798 1643 bis¹
819 1579 924 1644 similia
939 1581 974 1644 ad
988 1580 1097 1643 victum
1115 1579 1200 1643 etiam
1218 1582 1445 1657 transferuntur,

286 1694 544 1775 extenuaturque²
562 1691 775 1775 magnificentia
791 1701 821 1753 et
834 1701 965 1773 sumptus
982 1690 1149 1775 epularum,
1174 1692 1252 1774 quod
1267 1712 1358 1776 parra
1371 1690 1449 1754 cultu

286 1813 389 1865 natura
417 1814 554 1865 contenta
570 1802 619 1865 sit.
665 1799 783 1863 Etenim
809 1800 873 1884 quin
892 1800 946 1863 boc
968 1822 1029 1863 non
1052 1801 1149 1879 videt,
1181 1801 1337 1865 desideriis
1354 1801 1449 1865 omnia

284 1914 341 1976 ista
361 1912 520 1975 condirissl
553 1910 660 1975 Darius
674 1912 703 1975 in
722 1913 806 1995 luga,
831 1933 919 1995 quum
936 1932 1039 1995 aquam
1056 1912 1198 1975 turbidam
1213 1924 1244 1975 et
1258 1912 1448 1975 cadaveribus

284 2023 463 2108 inquinatam
478 2024 617 2101 bibisset,
642 2022 760 2106 negavit
774 2044 899 2106 unquam
913 2044 946 2085 se
959 2023 1069 2085 bibisse
1081 2021 1247 2086 iucundius.
1289 2020 1448 2107 Nunquam

352 2192 368 2243 5
386 2193 428 2243 Sic
440 2192 515 2242 Vind.
528 2192 550 2242 1.
568 2192 645 2242 neta.
663 2191 728 2241 Gud.
742 2190 776 2245 2..
795 2192 932 2259 eodemque
949 2190 1043 2241 ducunt
1058 2192 1086 2241 ll.
1103 2192 1129 2242 P.
1147 2191 1214 2243 Gud.
1231 2191 1252 2241 1.
1266 2192 1298 2241 11.
1315 2208 1377 2240 uuus
1395 2196 1449 2255 On,

284 2258 326 2326 qui
343 2260 435 2309 habent
451 2267 472 2310 et
488 2277 534 2326 pro
550 2267 575 2310 ut
588 2267 617 2322 et,
634 2260 694 2308 item
714 2276 743 2307 ne
757 2259 878 2309 duoOxx.
895 2270 921 2309 et
937 2261 1005 2309 Mon.
1020 2260 1053 2319 l.,
1070 2260 1112 2327 qni
1126 2260 1219 2309 habeut
1236 2266 1256 2309 et
1270 2265 1296 2308 ut
1313 2275 1359 2326 pro
1376 2266 1400 2309 ut
1414 2267 1449 2319 et,·

285 2332 326 2376 Or.
345 2344 366 2376 c.
382 2327 446 2392 vulg.
463 2334 487 2375 nt
502 2326 555 2375 aine
573 2334 609 2390 et,
626 2276 751 2375 sedidem
768 2325 858 2393 primns
875 2326 939 2378 coni.
956 2334 981 2377 nt
998 2334 1027 2389 et,
1044 2326 1110 2394 quod
1125 2346 1189 2378 rece.
1205 2326 1263 2376 edd.
1278 2327 1335 2377 iure
1350 2344 1448 2395 recepe·

283 2403 350 2444 runt.
385 2395 415 2443 V.
432 2392 496 2443 Ado.
531 2390 588 2444 bv.
606 2395 671 2445 Adn.
714 2396 836 2445 XXXlV.
865 2395 966 2445 lblon.
984 2394 1009 2445 2.
1026 2406 1052 2443 et
1071 2412 1156 2445 omnes
1182 2395 1235 2444 lere
1254 2393 1313 2445 edd.
1330 2400 1450 2453 vetetis:

285 2461 365 2522 mule,
383 2480 406 2512 v.
422 2461 454 2511 ad
471 2464 489 2513 1.
506 2460 565 2523 3,5
607 2458 682 2512 esic
699 2463 727 2513 li.
747 2463 772 2514 Ρ.
789 2473 840 2513 tres
856 2466 917 2513 Oxx.
936 2463 1013 2513 uena.
1031 2463 1097 2512 Gnd.
1113 2464 1137 2512 ‘L
1153 2461 1300 2513 MomZet
1316 2463 1375 2514 edd.
1391 2474 1448 2513 vett.

285 2532 311 2579 S.
331 2530 373 2588 E.;
391 2528 456 2579 Gnd.
474 2533 503 2581 ll.
521 2542 546 2581 et
560 2548 621 2581 nnus
637 2533 681 2580 Ox.
699 2538 837 2581 extenuatur
854 2532 944 2581 omisso
958 2547 1016 2594 que,
1033 2538 1054 2582 et
1068 2538 1204 2582 truncatur
1221 2530 1283 2579 alins
1300 2534 1363 2587 Ox.;
1381 2534 1448 2583 One.

283 2597 349 2664 vulg.
366 2605 578 2661 extenuantarque:
596 2599 663 2667 qnod
679 2617 709 2649 ex
724 2609 804 2649 antec.
819 2603 990 2663 transferuntur
1005 2610 1086 2649 ortum
1104 2599 1206 2650 ridetur.
1240 2597 1258 2649 3
1275 2598 1321 2647 Sic
1336 2602 1377 2649 Or.
1393 2617 1413 2647 r.
1423 2600 1449 2647 a.

284 2665 310 2714 P.
330 2666 393 2715 Gnd.
412 2668 434 2715 l.
451 2668 481 2715 ll.
506 2667 585 2716 blarb.
601 2667 679 2716 llebd.
697 2666 781 2717 Duitb.
799 2668 866 2717 Mon.
885 2667 908 2716 1.
925 2665 949 2719 2.
975 2678 1001 2716 et
1016 2665 1073 2716 edd.
1089 2677 1150 2717 vett.
1165 2666 1230 2717 nob.
1247 2667 1341 2733 steph.
1359 2669 1387 2717 D.
1405 2684 1450 2733 pro

284 2732 350 2798 vulg.
367 2738 413 2783 isto
429 2737 495 2783 cond.
514 2738 601 2784 omnia.

340 2836 362 2900 §-
379 2830 421 2883 95.
455 2835 649 2902 compensatione]
676 2836 729 2885 Pin.
754 2838 785 2896 2¹,
803 2838 851 2886 30:
877 2836 944 2903 leges
959 2840 1052 2897 totteret,
1069 2854 1131 2902 qnae
1145 2848 1232 2904 postea
1248 2836 1317 2888 latae
1331 2846 1388 2887 sunt
1407 2842 1446 2904 (sr-

284 2900 495 2965 compensabatur
511 2930 542 2939 —
562 2920 616 2951 cum
633 2904 731 2952 summis
756 2903 852 2953 dolori-
877 2904 897 2953 si
913 2905 974 2954 hoec
990 2905 1029 2953 lex
1044 2906 1251 2967 promulgaretur).
1287 2924 1337 2972 pro
1354 2905 1447 2955 Plancio

282 2968 328 3018 bun
345 2968 446 3018 laetitia.
474 2970 506 3018 N.
525 2971 553 3018 Ι).
569 2970 591 3027 1,
604 2969 634 3020 9;
655 2974 691 3021 lta
707 2970 782 3021 multa
795 2981 853 3020 sunt
877 2974 924 3027 32,
944 2972 991 3023 tn:
1008 2980 1078 3035 putas
1093 3001 1127 3010 —
1141 2988 1193 3022 esse
1211 3001 1243 3011 -
1259 2982 1372 3023 stantem
1389 2991 1446 3023 con·

281 3035 438 3097 incommoda
452 3036 546 3095 inrita,
565 3048 593 3087 nt
604 3056 632 3087 en
647 3039 770 3105 sapientes
781 3056 851 3089 eom·
876 3039 1024 3099 tentionem,
1043 3056 1116 3106 quum
1132 3058 1179 3105 ego
1194 3070 1228 3079 -
1242 3044 1387 3105 defugerem.
1417 3039 1446 3089 de

283 3104 413 3154 modorum
433 3106 635 3172 compensatione
660 3106 761 3156 leniant.
797 3108 853 3156 Hoc
878 3106 939 3172 llep.
955 3108 973 3157 1.
984 3109 1051 3167 3,·l:
1073 3119 1101 3157 nt
1115 3113 1202 3170 possint
1216 3126 1271 3158 eam
1288 3109 1375 3169 vitam,
1389 3124 1445 3175 qnae

282 3183 364 3223 autem
377 3190 448 3241 quern
464 3192 523 3240 prue
536 3174 647 3223 matribus
664 3174 781 3225 lrabernns
797 3174 854 3224 loco
877 3186 959 3223 tamen
976 3183 1033 3225 esset
1048 3175 1187 3235 reddenda,
1206 3194 1253 3243 pro
1270 3178 1355 3243 patria
1371 3178 1444 3243 potis-

283 3242 451 3306 compensatin
468 3253 506 3290 est
528 3243 681 3307 comparatio
697 3243 762 3293 inter
777 3243 852 3293 volu-
877 3242 964 3291 simum
999 3242 1112 3295 reddere.
1154 3246 1183 3293 V.
1212 3247 1239 3295 C.
1259 3249 1326 3295 Gnil.
1343 3246 1441 3296 memet

282 3317 377 3386 ptatem
396 3318 421 3357 et
443 3310 555 3358 dolorem
573 3310 693 3361 instituta.
737 3312 775 3361 nd
800 3328 853 3360 rem
878 3311 979 3372 Quarst
999 3312 1041 3361 Gr.
1063 3310 1323 3378 t.ips.1rtts.p.3·e.

282 3392 360 3440 ipsam
386 3376 418 3425 cl.
441 3375 511 3443 lling.
531 3380 560 3427 Ι..
580 3382 624 3439 10,
646 3378 699 3429 l'lll.
721 3379 776 3431 137.
798 3374 851 3430 111.
927 3384 1040 3429 memorio
1055 3382 1198 3442 inoperetur]
1221 3380 1304 3430 Beotl.
1324 3380 1386 3430 coni.
1402 3394 1445 3428 me·

283 3443 333 3493 Cic.
352 3444 405 3493 Fin.
427 3445 453 3501 1,
475 3450 512 3494 ltl.
531 3447 567 3495 l't.
586 3456 612 3494 et
630 3446 669 3498 17.
876 3450 980 3507 moriae,
1011 3449 1071 3498 Dar.
1097 3452 1263 3509 exspectationi
1286 3478 1320 3488 -
1340 3450 1444 3497 memoria

331 3514 364 3559 nd
381 3517 486 3561 animum
502 3516 584 3575 referri
601 3518 690 3579 tamen]
716 3516 754 3563 De
770 3513 852 3564 collo·
875 3518 958 3575 inap,
974 3524 1001 3563 nt
1019 3526 1056 3563 est
1073 3515 1097 3563 in
1117 3525 1194 3581 quaet.
1214 3518 1276 3564 Oxx.
1294 3518 1362 3567 blon.
1378 3520 1400 3565 ·.’.
1417 3524 1443 3561 et

282 3577 380 3626 catione
397 3596 425 3652 xr.
444 3586 521 3628 tamen
538 3598 560 3630 v.
577 3581 609 3628 ud
627 3582 644 3629 l.
665 3584 709 3641 te,
727 3582 767 3634 27.
786 3592 848 3631 extr.
876 3580 960 3631 multis
987 3581 1044 3633 edd.
1072 3592 1132 3631 vett.
1176 3584 1316 3651 Utrumque
1347 3582 1441 3631 lirrstra.

333 3644 355 3707 d.
372 3645 413 3693 lib.
449 3646 551 3711 sentiret]
580 3648 723 3708 Ernestins,
750 3661 851 3699 auctore
876 3648 957 3699 Verba
972 3653 1083 3714 iungendi
1097 3662 1123 3699 et
1137 3654 1295 3715 coninnpendi
1306 3649 1442 3716 saepissime

280 3709 408 3767 Bentleio,
428 3709 497 3758 dedit
512 3717 610 3775 sentiat,
628 3716 694 3763 nulla
710 3727 790 3765 tamen
807 3736 851 3766 nr-
876 3717 943 3784 apud
953 3717 1096 3768 Ciceronem
1109 3734 1163 3767 cum
1176 3718 1285 3769 aldatiro
1296 3730 1440 3767 eonstmnn-

280 3788 355 3846 gente
374 3776 538 3827 necessitatea
565 3796 621 3827 nam
645 3782 718 3829 l'aeilr
736 3795 851 3833 sexcenta
877 3795 925 3834 tnr.
966 3786 1005 3834 Cl.
1031 3788 1073 3836 111.
1091 3788 1121 3843 5,
1142 3786 1187 3836 ll:
1222 3786 1351 3843 insaniem,
1379 3801 1444 3851 quae

280 3846 381 3897 excitari
396 3855 500 3913 possunt
514 3846 635 3911 exempla,
653 3847 678 3896 in
694 3850 780 3914 quibus
794 3861 865 3915 post·
875 3856 956 3903 iuncta
971 3858 1068 3903 stultitia
1082 3862 1152 3919 patet
1167 3854 1250 3903 latius.
1272 3856 1348 3903 noser
1363 3870 1443 3919 comp.

279 3926 409 3984 praesens,
436 3915 502 3981 qnod
526 3915 630 3982 perfecti
649 3917 716 3966 vices
738 3918 850 3979 sustinet,
877 3922 944 3970 Brut.
959 3924 1001 3980 41,
1023 3920 1082 3972 llil:
1101 3922 1234 3982 defensione
1249 3926 1329 3972 londa
1346 3920 1443 3970 -lan-

278 3985 384 4050 primum
400 3993 535 4050 seqrurntnr
551 3985 698 4051 praesentia,
715 3996 767 4035 tum
782 3986 851 4036 inse·
876 3988 953 4038 datin.
984 3989 1016 4038 nd
1036 3994 1085 4038 tet.
1102 3988 1133 4047 9,
1155 3990 1199 4038 lll:
1219 3990 1344 4039 inlinitum
1359 3990 1442 4039 bellum

279 4064 366 4101 runtur
398 4052 562 4118 imperfecta,
590 4070 619 4102 ac
647 4053 667 4103 si
692 4055 851 4105 aritecesserit
876 4060 979 4105 iunctum
994 4061 1126 4107 nusmmrna
1147 4060 1216 4119 supa.
1252 4059 1282 4107 V.
1301 4076 1348 4108 nos
1365 4058 1388 4107 in
1405 4058 1441 4105 tir.

279 4120 427 4185 perlectum.
468 4120 536 4170 idem
563 4120 684 4171 Bentleins
709 4122 795 4172 endem
819 4123 851 4171 de
876 4124 905 4172 Ι..
926 4128 947 4191 d
963 4122 1017 4175 lli.
1037 4126 1095 4175 Not.
1110 4130 1134 4174 l.

281 4202 365 4234 caussa
381 4188 463 4251 patrllo
479 4200 533 4252 post
553 4207 598 4255 pro
615 4194 747 4253 inoperetur
763 4190 850 4256 legen·
925 4193 984 4240 (iar.
1002 4193 1128 4242 xxxiv.
1150 4192 1229 4259 §.92
1265 4197 1443 4246 desidentium

281 4252 339 4301 dum
359 4264 440 4302 censet
460 4259 575 4315 inapetnr.
611 4263 644 4307 At
662 4259 743 4321 lapsus
761 4269 797 4307 est
814 4258 851 4307 vir
876 4261 976 4327 condiri]
1001 4260 1054 4309 liin.
1069 4264 1093 4319 ¹2,
1108 4264 1154 4310 ’ὣς
1173 4264 1309 4313 Socratem
1325 4262 1394 4314 andin
1406 4259 1442 4309 di-

279 4336 390 4385 magnns.
425 4320 488 4368 Nam
507 4332 560 4370 tnta
578 4325 729 4373 enuntiatio:
748 4329 782 4373 ita
797 4342 849 4387 per·
876 4337 987 4386 centem,
1012 4328 1060 4377 cibi
1077 4328 1265 4379 condimentum
1280 4348 1338 4382 esse
1354 4332 1442 4382 tamen.

278 4395 362 4451 petuas
389 4416 417 4425 -
445 4391 576 4448 inoperetur
603 4388 759 4450 dacbertum<
785 4392 850 4443 dicta
876 4394 984 4460 potionis
1002 4395 1075 4445 sitim.

279 4466 331 4503 est:
359 4454 426 4522 qnod
442 4454 481 4503 vel
499 4456 606 4505 futurum
622 4460 685 4519 fore,
710 4459 776 4524 quod
792 4459 850 4509 inlr-
926 4466 1012 4513 ilarius
1029 4467 1052 4514 in
1069 4468 1127 4528 supa
1144 4464 1203 4532 etc]
1232 4469 1352 4521 Davisius
1373 4482 1441 4531 comp.

278 4522 751 4589 nitirusestpraesentisconditionalis,
765 4538 851 4594 aperte
876 4529 976 4580 Maxim.
995 4532 1097 4599 Tyriam
1117 4532 1179 4583 Diss.
1196 4534 1258 4591 35„
1285 4536 1332 4603 qui
1351 4535 1442 4591 made!

279 4590 443 4643 demonstrat.
470 4591 599 4659 crtegg.
614 4595 656 4643 111.
671 4594 709 4657 17,
723 4596 771 4647 ὃὸτ
789 4614 851 4663 quae
875 4614 928 4647 rem
938 4596 970 4647 de
980 4603 1114 4653 Artaxerxe
1126 4600 1211 4659 tradit,
1228 4602 1361 4655 Plutarch.
1372 4610 1441 4655 Artat-

278 4658 319 4710 lex
337 4660 402 4712 hauc
416 4660 565 4712 sententiam
587 4666 700 4725 continet,
723 4669 748 4713 ut
764 4681 850 4716 omnes
875 4666 907 4717 Τ.
919 4667 935 4715 l.
950 4682 976 4732 p.
990 4666 1059 4721 1017.
1078 4680 1103 4719 et
1121 4668 1251 4736 Apopbtb.
1267 4672 1301 4723 Τ.
1313 4674 1346 4724 ll.
1362 4690 1388 4740 p.
1398 4668 1440 4723 tlt
