2946 5550
94 326 97 333 ·
148 297 187 363 16
603 308 864 361 raonssonnns.

145 457 260 497 6666666
276 444 330 494 est.
352 454 377 493 c.
394 439 446 494 96.
462 429 494 513 5.
511 437 564 494 66.
580 437 633 493 61.
647 464 692 476 -
735 430 767 512 β)
783 433 880 492 Porro
896 430 1030 510 reliquae
1047 432 1138 490 animi
1157 431 1326 507 facultates,

145 558 220 617 quae
237 547 283 597 tot
298 556 346 595 res
362 545 391 594 et
407 544 504 594 tantas
520 534 672 609 efficiunt,
695 555 757 593 non
772 554 810 593 ex
824 533 881 593 bac
897 543 1016 593 terrena
1031 533 1211 611 mortalique
1224 543 1254 593 et
1270 555 1325 594 ca-

144 642 222 700 duca
241 648 349 697 natura
370 645 526 696 concretae
541 655 603 695 esse
621 646 762 716 possunt,
785 635 836 694 aed
850 635 930 694 clare
945 635 1124 711 ostendunt,
1146 634 1281 694 divinam
1294 656 1326 696 ss

145 741 254 800 babere
272 741 333 799 vim
350 741 389 799 ob
403 758 524 816 serraque
538 759 600 797 rem
618 738 742 796 interire
760 759 821 796 non
843 757 939 816 posse.
962 757 988 795 c.
999 744 1052 797 96.
1068 735 1098 816 5.
1115 741 1167 797 69.
1187 756 1214 796 6.
1229 744 1282 799 96.

228 858 259 938 6)
268 859 403 918 Tertium
415 865 633 936 argumentum,
654 879 676 914 a
688 858 827 934 simplici
839 858 941 914 uninss'
952 866 1069 913 natura
1080 854 1217 915 ductum.
1246 856 1322 915 uni-

145 982 210 1021 mus
227 961 352 1040 simplex
368 969 425 1034 est,
448 959 489 1017 its
507 978 560 1017 nec
577 956 675 1017 dividi
694 966 810 1036 potest,
833 977 887 1016 nec
905 956 1029 1016 interire
1035 977 1044 1033 3
1065 966 1111 1015 est
1129 959 1208 1014 enim
1223 956 1323 1016 inter-

145 1065 205 1122 itus
227 1064 312 1141 quasi
331 1062 475 1120 discessus
492 1071 522 1119 et
538 1060 663 1118 secretio
688 1078 790 1117 earum
806 1059 953 1137 partium,
979 1077 1058 1139 quae
1075 1067 1144 1117 ante
1166 1058 1323 1117 interitum

145 1164 410 1240 iunctione'aliqua
423 1162 612 1221 tenebantur.
635 1181 661 1220 c.
674 1165 725 1220 97.
739 1157 771 1239 5.
783 1163 836 1219 66.
880 1157 958 1239 (Hoc
972 1169 1195 1239 argumentum,
1218 1160 1322 1239 paucis

145 1267 211 1325 aliis
232 1265 412 1339 interiectis,
435 1285 461 1322 c.
475 1267 526 1323 99.
541 1260 573 1342 5.
590 1256 644 1323 71.
663 1261 773 1320 iterum
796 1259 1064 1340 commemoratur.)
1283 1245 1287 1249 ’

230 1383 275 1463 (6)
293 1383 445 1442 Sententia
463 1381 634 1461 proposita,
660 1380 839 1439 immortales
854 1362 917 1438 esse
936 1379 1063 1453 animos,
1093 1378 1266 1438 defenditur
1285 1380 1321 1438 ab

146 1484 201 1561 eis,
224 1504 299 1563 quae
321 1493 427 1544 contra
450 1503 513 1543 eam
533 1483 637 1541 afferri
658 1483 785 1562 possint.

229 1602 259 1678 6)
279 1603 371 1674 Quod
381 1603 511 1679 primum
526 1600 615 1659 obiici
632 1601 735 1679 possit,
757 1600 886 1657 animum
904 1619 965 1659 666
981 1600 1082 1658 videre
1097 1600 1223 1658 formam
1240 1618 1321 1659 auam

147 1705 304 1776 nesscire,
332 1703 384 1762 ubi
402 1701 532 1778 habitet,
559 1701 592 1759 id
608 1701 673 1760 leve
691 1710 744 1759 est.
789 1702 860 1759 Nam
878 1710 913 1759 ut
936 1701 1057 1775 oculus,
1079 1700 1122 1759 sic
1139 1720 1271 1775 ausurus,
1291 1720 1322 1761 se

147 1826 208 1863 666
225 1803 344 1878 videns,
366 1803 423 1861 alia
438 1802 551 1879 cernit3
573 1801 728 1862 facultates
746 1811 826 1861 certe
843 1823 911 1863 suas
927 1803 1019 1862 videt.
1041 1823 1067 1862 o.
1086 1808 1138 1864 97.
1150 1800 1184 1881 5.
1199 1808 1254 1864 66.
1270 1809 1321 1865 67.

148 1909 184 1967 Et
198 1916 232 1964 ut
247 1905 328 1980 deus,
351 1906 404 1964 etsi
418 1904 512 1964 oculis
527 1903 624 1963 videri
640 1923 702 1962 uon
717 1912 825 1982 potest,
847 1903 1020 1982 agnoscitur
1035 1924 1072 1963 ex
1087 1904 1231 1983 operibus
1245 1906 1321 1982 suis,

146 2010 187 2068 ita
202 2027 239 2066 ex
257 2000 370 2065 divinis
388 2007 477 2079 animi
492 2006 686 2065 facultatibus
704 2005 767 2064 eius
784 2005 830 2064 vis
847 2005 950 2064 divina
966 2005 1147 2085 agnoscitur.
1170 2026 1196 2065 c.
1215 2012 1269 2067 96.
1304 2039 1321 2049 -

146 2107 216 2191 (Hic
230 2108 339 2168 iterum
358 2108 485 2168 allartur
501 2116 707 2188 argumentum
725 2106 956 2167 immortalitatis
975 2128 991 2165 a
1007 2106 1133 2186 simplici
1155 2107 1249 2165 animi
1266 2128 1323 2167 na·

147 2222 214 2270 tura
231 2212 366 2270 ductum.
382 2243 426 2254 —
468 2212 543 2269 Tum
557 2219 725 2289 sequuntur
742 2209 873 2269 Socratis
889 2218 918 2267 et
932 2209 1053 2267 Catonis
1075 2208 1226 2289 exempla,
1248 2228 1324 2287 quae

146 2312 297 2370 luculente
323 2311 547 2386 demonstrant,
575 2312 648 2371 haec
672 2312 708 2371 de
736 2311 902 2369 animorum
920 2310 1142 2369 immortalitate
1156 2310 1324 2390 persuasio,

147 2433 221 2490 quae
238 2411 329 2472 firmis
349 2412 464 2471 nitatur
480 2413 680 2492 argumentis,
710 2423 852 2491 quantam
870 2412 906 2470 ad
930 2412 1174 2470 contemnendam
1197 2422 1325 2472 mortem

145 2515 207 2573 vim
224 2513 332 2572 habere
354 2513 449 2593 possit
462 2522 550 2590 atque
566 2513 776 2573 ellicacitatem.
791 2546 835 2557 -
876 2513 1008 2572 Socratis
1024 2514 1171 2572 sententia
1195 2514 1233 2572 (le
1254 2514 1324 2574 aui·

145 2634 263 2673 morum
277 2624 347 2694 post
360 2624 483 2673 mortem
501 2624 582 2674 statu
597 2616 770 2694 exponitur.
784 2647 828 2659 -
858 2615 979 2673 Catonis
993 2615 1159 2693 exernplum
1173 2615 1325 2691 admonet,

145 2725 181 2775 ut
194 2734 290 2795 pauca
303 2715 445 2774 dicantur·
460 2715 497 2773 de
508 2727 614 2791 morte,
636 2737 725 2794 quarn
741 2716 807 2794 quis
823 2716 880 2774 sibi
896 2717 958 2796 ipse
974 2715 1201 2775 consciscit-
1245 2719 1324 2777 Sen-

147 2817 254 2877 tentia:
286 2828 385 2874 totam
405 2818 660 2896 pbilosophorum
682 2823 783 2877 vitum
808 2822 1090 2877 commentationem
1112 2822 1220 2877 nsorls'a
1246 2806 1335 2889 ease,

145 2919 259 2999 egregie
279 2917 462 2977 illustratur.
484 2940 508 2977 c.
527 2924 568 2978 99
583 2917 689 2997 -67.)

229 3034 262 3117 b)
284 3037 359 3095 'l'um
375 3036 556 3097 refelluntur
574 3039 688 3106 Stoici,
718 3035 772 3115 qui
789 3037 903 3096 animos
918 3058 1036 3097 manere
1053 3037 1174 3112 dicunt,
1200 3056 1327 3116 quume

144 3158 274 3216 corpore
289 3139 484 3214 excesserint,
510 3138 562 3197 sed
582 3158 644 3197 non
664 3159 791 3219 semper:
820 3139 902 3217 quod
920 3139 1055 3219 ineptum
1070 3150 1129 3217 est3
1151 3138 1226 3199 daut
1245 3141 1325 3199 enisu

145 3238 192 3312 id,
215 3237 298 3315 quod
314 3239 524 3298 difficillimum
540 3241 572 3299 in
597 3261 697 3300 caussa
713 3251 772 3315 est,
801 3261 887 3321 posse
906 3241 1037 3300 animum
1057 3260 1175 3300 manere
1194 3261 1326 3324 corpore

144 3349 313 3414 vacentem,
343 3339 456 3399 tollunt
480 3351 578 3401 autem
601 3342 647 3417 id,
676 3344 757 3421 quod
783 3343 869 3403 facile
894 3353 955 3419 est,
981 3363 1031 3402 eoa
1055 3362 1169 3422 suuper
1192 3363 1323 3403 manare.

144 3463 170 3500 6.
185 3447 237 3502 67.
254 3446 306 3503 69.
322 3436 355 3521 5.
366 3446 417 3501 78.
460 3443 590 3520 itemque
603 3444 761 3504 Panaetius
775 3447 965 3519 confutatur,
988 3445 1050 3520 qui,
1072 3445 1152 3523 quod
1171 3455 1201 3504 et
1218 3465 1324 3507 66666-

145 3554 251 3602 rentur
266 3542 367 3617 animi,
389 3543 464 3602 etin
478 3545 615 3603 morbum
630 3545 779 3618 caderent,
802 3564 852 3603 eos
868 3545 959 3603 etiam
973 3545 1097 3605 interire
1115 3546 1325 3607 concludebat.

145 3642 478 3724 cmumem

228 3769 260 3825 6.
303 3762 407 3822 Cicero
423 3761 462 3820 ad
475 3760 678 3841 propositum:
702 3767 735 3821 in
752 3775 847 3822 morte
862 3765 947 3823 nihil
960 3786 1023 3824 ease
1041 3769 1136 3834 mali,
1161 3786 1323 3846 regressus,

144 3865 353 3945 quaestionem,
376 3883 465 3942 quam
481 3863 538 3922 inu
552 3883 644 3942 supra
660 3865 808 3945 attigerat,
830 3888 916 3934 nom,
939 3889 976 3925 ne
988 3871 1017 3925 si
1030 3872 1181 3927 intereunt
1198 3869 1325 3947 quidem

144 3972 245 4027 ‹snimi
254 4010 265 4037 ,
295 3972 328 4025 in
344 3968 440 4024 malis
456 3965 596 4024 ducenda
613 3972 658 4024 ait
679 3988 777 4037 mors,
806 3978 960 4028 retractat.
1003 3969 1046 4027 Ne
1060 3968 1103 4027 sic
1121 3970 1239 4047 quidem
1254 3990 1320 4030 mu-

143 4068 205 4127 lum
225 4080 270 4128 est
290 4089 380 4128 mors.
424 4068 510 4140 Nam,

226 4185 255 4264 6)
280 4187 324 4245 uti
342 4206 433 4264 supra
446 4185 681 4244 demonstratum
698 4196 756 4262 est,
778 4188 802 4245 si
819 4188 933 4246 animus
947 4187 990 4246 sic
1004 4188 1126 4263 interit,
1148 4198 1185 4247 ut
1201 4209 1324 4268 corpus,

142 4295 348 4363 postmortem
365 4287 480 4345 nullum
496 4307 613 4345 sensum
628 4286 776 4348 hebemus.
814 4288 872 4367 (Cf.
889 4309 982 4368 supra
997 4309 1023 4347 6.
1038 4287 1101 4367 ll.)
1115 4311 1141 4349 c.
1155 4295 1209 4351 34.
1225 4289 1259 4372 5.
1269 4296 1324 4351 69.

227 4385 259 4466 6)
281 4388 346 4465 lpse
359 4398 457 4447 autern
469 4389 588 4448 animia
602 4409 732 4467 corpore
745 4390 887 4449 discessus
903 4391 927 4448 si
941 4389 976 4449 fit
988 4410 1054 4449 cum
1068 4391 1182 4468 dolore,
1207 4393 1233 4451 is
1247 4412 1324 4472 per-

142 4498 294 4565 quamsit
318 4490 457 4583 exiguum
486 4500 517 4548 at
536 4490 712 4569 plerumque
732 4490 766 4550 lit
790 4490 854 4550 sine
875 4510 979 4567 sensu,
1002 4513 1219 4571 nonnunquam
1233 4494 1323 4554 etiam

142 4610 208 4649 cum
230 4591 393 4670 voluptate.
418 4614 443 4652 c.
460 4597 511 4654 54·
533 4589 564 4670 5.
583 4596 635 4651 89.
