2888 5512
496 702 618 753 nunna
638 705 666 755 r.
685 700 734 765 eu,
752 700 793 753 ot.
1162 692 1228 761 tte

45 820 201 900 iustitiam,
227 820 450 905 temperantiam
466 822 495 883 iu
509 822 667 905 primisque
682 822 893 902 tortitudinem,
918 826 1145 908 rnagnitudinefl
1158 830 1221 893 aui-

44 932 105 1011 mi,
135 932 334 1015 patientiam²
352 943 522 1016 prosecuta,
547 956 634 1016 quum
657 933 776 995 tortoris
795 942 831 997 e's
848 934 973 1011 viderit,
998 938 1141 1001 corruistet
1157 940 1217 1003 vir-

47 1042 217 1126 tntilrnsqne
244 1043 378 1105 omnihus
404 1044 469 1107 aine
496 1044 554 1106 ullo
579 1044 666 1106 arrrimi
695 1055 808 1107 terrore
833 1046 867 1106 ad
892 1048 1050 1109 cruciatum
1077 1050 1216 1133 proiectis

44 1155 166 1218 resistet
184 1164 270 1217 extra
289 1155 369 1217 iores
385 1153 429 1235 (nt
445 1164 512 1216 ante
532 1154 609 1235 dixi)
629 1154 774 1238 limenque
794 1157 935 1219 carueris.
982 1154 1059 1239 Quid
1080 1160 1156 1223 enlm
1177 1182 1213 1225 ea

44 1264 170 1341 loedina,
194 1264 260 1347 qnid
275 1264 433 1327 deformius
448 1264 511 1327 sola
527 1266 640 1343 relicta,
662 1286 678 1327 a
693 1266 851 1327 comitatu²
865 1266 1058 1349 pulcherrimo
1072 1290 1210 1355 segrega-

41 1378 91 1439 ta‘l
138 1372 224 1456 Quod
246 1384 343 1437 tamen
360 1374 422 1437 lieri
445 1375 524 1437 nullo
549 1386 633 1459 paeto
656 1386 762 1457 potest.
808 1374 874 1438 Nee
896 1378 972 1439 eninr
999 1377 1121 1443 virtutes
1144 1382 1209 1445 sine

41 1486 129 1549 lteata
145 1486 206 1549 rita
232 1485 392 1547 cohaerere
412 1496 549 1568 possunt,
581 1508 634 1548 neu
658 1488 706 1548 illa
730 1486 794 1548 sine
815 1486 983 1549 virtutibus.
1029 1498 1080 1551 81.
1106 1488 1208 1573 ltaque

41 1616 108 1660 eam
125 1594 317 1679 tergiuersari
335 1618 393 1657 nou
409 1596 507 1658 sinent
521 1616 678 1680 secumque
696 1597 829 1680 rapient,
859 1598 893 1659 ad
912 1618 1111 1683 quemcunque
1127 1601 1207 1685 ipsae

40 1706 172 1771 dolorem
193 1706 411 1789 cruciatumque
433 1708 585 1769 ducentur.
632 1704 781 1791 Sapientis
798 1718 844 1770 est
860 1708 937 1770 euim
958 1710 1103 1794 proprium
1121 1711 1203 1792 nihil,

38 1818 118 1901 quod
137 1818 287 1901 poenitere
304 1816 412 1900 possit,
443 1818 557 1894 lacere,
582 1816 650 1880 nillil
670 1816 810 1895 inritum,
832 1818 998 1901 splendide,
1023 1832 1202 1903 emulantur,

36 1926 213 2013 graviter³‚
235 1924 359 1989 honeste
378 1926 486 2003 omnia,
511 1926 581 1989 nilril
600 1928 640 1989 ita
657 1938 842 2011 exspectare,
868 1930 948 2011 quani
965 1932 1200 2012 cumulaturum,

36 2036 129 2114 uiuit,
157 2058 244 2121 quum
259 2036 418 2114 acciderit,
449 2038 601 2115 admirari,
634 2049 666 2101 ut
682 2038 859 2122 inopinatum
879 2060 912 2101 au
931 2061 1036 2103 nouum
1060 2042 1203 2107 accidisse

34 2148 192 2227 videatur,
215 2148 313 2210 omnia
325 2148 360 2209 ed
374 2168 457 2237 suum
472 2147 622 2210 arbitrium
636 2150 765 2226 reterre,
790 2149 852 2212 suis
865 2160 945 2212 stara
960 2150 1085 2213 iudiciis.
1132 2150 1199 2235 Quo

35 2256 108 2343 quid
124 2256 163 2321 sit
177 2256 308 2337 beatius,
332 2258 399 2320 milri
416 2269 496 2323 certe
514 2259 542 2320 iu
560 2269 684 2321 ruentem
699 2260 799 2322 venire
815 2282 871 2322 non
889 2272 995 2345 potest.
1041 2270 1093 2325 82.
1119 2261 1199 2327 Stoi·

105 2452 182 2505 3‘rr.
197 2470 218 2503 e.
236 2452 265 2503 ll.
282 2452 367 2504 Duisb.
382 2460 497 2515 praviter.
514 2461 659 2517 conaturum
676 2464 702 2503 at
715 2454 748 2503 cl'.
766 2472 786 2503 e.
803 2454 833 2511 5,
855 2454 892 2505 Γ).
910 2454 948 2505 13.
966 2472 987 2505 c.
1002 2452 1049 2513 36,
1069 2454 1126 2507 101.
1161 2458 1198 2507 De

33 2520 272 2589 transpositionibus
285 2521 460 2571 vocabulorum
476 2539 498 2571 r.
517 2526 615 2573 Wesenb.
632 2524 683 2573 Em.
701 2524 718 2573 1,
736 2540 759 2589 p.
774 2522 815 2573 ¹20.
843 2526 925 2587 Treqd.
942 2524 1020 2589 prael.
1038 2542 1063 2590 p.
1079 2524 1125 2575 xl.

34 2640 148 2691 alterurn
163 2642 228 2689 dabit
243 2648 269 2689 et
283 2640 385 2689 uerbum
401 2644 497 2702 mquam
515 2642 607 2689 eoulir-
633 2640 696 2691 verit
713 2640 800 2691 Cicero
815 2640 907 2691 trintum
925 2651 950 2691 et
964 2640 1121 2707 unammiter
1132 2660 1196 2693 eon-

14 2706 18 2711 ’
33 2706 148 2758 mundae
163 2714 258 2757 tantum
269 2708 408 2757 sententiae
422 2707 469 2756 inm
485 2708 555 2769 c.‘.'li,
565 2708 605 2759 75.
631 2708 705 2767 culto,
724 2720 749 2756 et
765 2710 875 2775 potuisse
893 2709 1036 2759 Ciceronem
1051 2710 1085 2759 itu
1099 2711 1195 2763 aeribe-

39 2774 190 2843 propositae
206 2774 321 2825 inuenire
337 2776 479 2825 arbitratur.
630 2794 665 2836 re,
684 2793 758 2842 quum
774 2784 895 2840 aepreqoto
911 2776 977 2825 idern
995 2778 1046 2826 irre
1063 2779 1109 2834 uit.
1127 2780 1195 2845 qnod

91 2842 240 2911 patientiam]
258 2842 313 2893 Vat.
330 2844 359 2892 ll.
367 2844 393 2893 P.
412 2843 476 2892 Gurl.
489 2845 508 2891 l.
519 2844 549 2890 ll.
562 2843 605 2893 Gr.
630 2845 747 2893 destitute.

37 2911 149 2979 quiaque
166 2910 359 2963 PallduoOxx.
373 2909 605 2961 internitente.
680 2912 811 2973 coluererej
830 2910 858 2957 V.
877 2908 908 2958 ad
927 2911 970 2958 lll.
987 2912 1033 2967 2³11,
1052 2910 1092 2961 ot.

35 2982 159 3043 patientie,
169 2976 318 3029 aduersante
328 2978 466 3033 scrutantium
478 2978 605 3029 nonenim
679 2980 748 3047 §.bl
767 2980 828 3041 quod
839 2982 954 3041 praenitere
960 2980 1042 3041 poeritj
1059 2982 1126 3039 (leod
1134 2998 1194 3043 non,

37 3046 68 3097 de
84 3046 220 3115 patientia,
237 3046 283 3096 sed
298 3046 330 3095 de
347 3046 398 3097 ritu
415 3047 487 3096 beatu
505 3044 602 3113 patieu-
629 3046 664 3095 uti
682 3050 792 3095 Danielus
808 3056 832 3093 et
849 3049 953 3095 lt'luteiue
968 3045 1125 3106 urbitruutur,
1143 3066 1193 3099 no-

38 3116 99 3165 tiam
115 3113 271 3182 reliquaeque
287 3114 389 3163 uirtutes
405 3124 536 3182 prosecuta
548 3113 603 3179 agi·
627 3114 758 3163 minutivae
770 3124 816 3171 eet,
828 3112 872 3161 aed
882 3113 1044 3177 accusativus,
1059 3125 1085 3163 ut
1096 3114 1127 3163 de
1138 3117 1191 3170 Inr.

39 3190 90 3245 tur,
109 3182 144 3232 nti
161 3194 232 3233 recte
249 3182 325 3233 docet
343 3184 371 3233 t).
627 3184 714 3243 2213:
736 3184 824 3230 Utrum
841 3182 867 3231 id
885 3181 979 3231 sueinus
996 3182 1040 3241 cit,
1058 3186 1120 3245 quod
1135 3202 1190 3247 poe·

83 3256 109 3301 ttl
126 3256 182 3301 neele
198 3252 262 3315 dimj
282 3250 343 3304 c.5.
364 3250 402 3301 13.
626 3256 697 3299 nitere
722 3250 796 3299 l'urrit
820 3268 927 3299 necesse.
968 3250 1104 3299 Olnserreut
1125 3252 1191 3302 enim

81 3334 98 3369 o
115 3320 238 3383 comitutu]
257 3316 348 3367 addidi
362 3334 384 3367 c.
402 3318 430 3366 L.
447 3326 471 3365 et
483 3318 534 3375 W„
552 3334 601 3366 ιιιι-
627 3318 734 3375 tirones,
752 3318 826 3367 rerba
844 3318 1007 3383 cuiuscunque
1023 3319 1120 3381 generis
1135 3336 1191 3369 cuun

39 3400 78 3451 per
100 3385 178 3435 etiam
193 3384 315 3435 Weaenb.
332 3387 385 3433 Em.
406 3386 447 3433 ΙΙΙ.
465 3402 489 3451 p.
504 3392 560 3443 et,
588 3402 601 3433 e
627 3385 767 3435 accusativo
786 3386 957 3451 pronominum
974 3384 1089 3447 coniungi
1100 3400 1189 3448 poem

37 3453 98 3505 euni.
116 3452 324 3519 praepositionem
339 3468 363 3514 u,
382 3452 437 3519 quin
453 3452 553 3501 verbum
566 3468 601 3501 se·
627 3454 684 3503 ltine
698 3453 763 3517 uptrtl
778 3464 873 3500 retr-reu
885 3452 985 3513 legitur:
1005 3454 1029 3497 id
1046 3466 1141 3511 operum
1150 3454 1190 3513 do,

34 3525 150 3583 proponet
173 3538 246 3573 nemo
274 3520 383 3586 scriptor
414 3538 468 3569 curn
497 3519 602 3586 simplici
624 3525 650 3570 m
667 3524 756 3580 studeo,
772 3522 798 3567 id
814 3522 888 3579 drateo,
904 3520 929 3566 tu
946 3532 1079 3577 arteceueeo,
1094 3518 1189 3567 similia.

32 3588 147 3639 ablativo
171 3587 264 3649 iunxit,
288 3588 335 3637 nini
352 3588 438 3637 Accius
464 3599 537 3653 poeta
561 3606 600 3651 ap.
627 3588 722 3635 l'rtusti
740 3603 799 3635 roro
817 3588 982 3635 llomauorum
998 3584 1144 3651 scriptores,
1162 3594 1190 3635 ut

33 3652 272 3717 NonJthtvmlltt
287 3660 480 3707 etobtcttt’nttm:
507 3654 602 3703 Edicite
627 3658 740 3713 Plautus,
767 3664 793 3702 ul
809 3652 955 3711 't'm-eruiur,
975 3652 1048 3701 verba
1065 3653 1188 3718 imperso-

30 3736 79 3785 per
98 3722 200 3783 urbem,
224 3734 251 3774 ut
270 3741 356 3775 omues
380 3724 500 3773 ominibus
516 3722 601 3771 linistis
626 3724 690 3772 nulia
700 3725 779 3783 pudet,
791 3726 861 3783 pipat,
873 3725 981 3782 poenitet,
997 3719 1052 3779 aliu,
1071 3738 1187 3770 nonerun-

28 3802 163 3857 atrgrretom
176 3790 309 3843 adhibeant
325 3792 473 3849 larentiam,
499 3806 537 3840 ore
553 3790 600 3839 uh·
626 3808 698 3857 ιμιιιιιι
724 3789 887 3855 personaliter
909 3799 1056 3853 posueruut,
1084 3799 1110 3837 ut
1128 3792 1186 3839 'l'cm

27 3870 120 3910 acarna
144 3858 211 3911 dieta
233 3866 365 3925 eeprepent:
397 3860 438 3908 ubi
463 3871 545 3908 tumen
577 3858 601 3906 iu
628 3858 731 3923 Adelph.
751 3859 792 3906 lV.
808 3856 831 3913 i',
846 3854 893 3908 311.
917 3872 961 3905 non
976 3863 995 3904 te
1012 3858 1187 3919 ltceepuderrt?

27 3920 108 3979 Nonii
132 3928 189 3979 cod.
209 3928 317 3979 ,deciano
339 3931 370 3977 ut>
395 3938 452 3994 post
473 3930 600 3989 {ocentiam
626 3928 702 3976 l'luut.
719 3925 805 3975 sticho
823 3927 841 3973 l.
862 3924 891 3983 l,
905 3925 952 3974 50:
970 3940 1006 3974 me
1023 3926 1116 3987 quidem
1131 3928 1188 3978 loce

28 3988 106 4047 facite
122 3996 238 4047 excidere
251 3996 341 4061 potuit,
353 3996 390 4045 uti
403 3995 541 4063 suspicatur
552 3998 600 4043 We·
623 3996 723 4045 conditio
736 4010 798 4058 nuuc
812 4008 858 4043 nou
869 3996 974 4055 poenitet.
1009 3992 1039 4043 V.
1049 3994 1186 4047 Romam.

29 4068 105 4127 wad„
122 4064 165 4133 qui
184 4063 354 4125 reetedooet,
371 4063 523 4131 antiquiores
538 4078 599 4127 pro·
625 4064 654 4111 L.
670 4066 711 4112 Gr.
733 4060 820 4128 §.tta
837 4060 934 4111 Nohl.
969 4064 1071 4113 Ktidtter.
1094 4062 1124 4113 L.
1141 4064 1185 4113 Gr.

27 4140 75 4182 διο
89 4132 211 4183 orationis
226 4131 374 4197 scriptores,
401 4142 429 4182 ut
448 4131 598 4189 Ciceronem,
625 4138 646 4198 p'.
664 4130 717 4181 ll'l.
739 4130 797 4178 Not.
814 4130 839 4181 3.
875 4128 924 4179 Sed
940 4146 1014 4195 cupre
1035 4130 1066 4179 V.
1082 4128 1122 4189 18,
1138 4130 1184 4181 53:

28 4192 177 4259 camanum,
194 4199 354 4263 Sallustium,
374 4200 447 4249 rerba
462 4216 516 4249 cum
530 4198 598 4246 iuse-
622 4200 763 4265 „nequitum
783 4208 809 4246 ut
824 4200 881 4247 uidit
894 4202 1019 4258 poenitent,
1036 4195 1096 4244 nilril
1113 4196 1185 4257 desit,

25 4266 184 4325 parabilibne
196 4266 323 4333 particulis
339 4283 371 4329 ee,
388 4284 421 4329 re,
438 4271 476 4317 die
493 4284 599 4331 compo-
624 4267 683 4317 nihil
699 4267 798 4315 obetet“
815 4268 872 4313 nituit
887 4282 932 4330 pro
949 4263 1102 4313 nominativo
1118 4262 1185 4311 acei-

23 4328 82 4383 ⁸lta
103 4349 226 4399 nunquam
238 4334 270 4384 de
292 4344 361 4385 motu
379 4354 393 4385 a
408 4336 465 4385 loco
481 4334 527 4383 nisi
551 4332 598 4381 ntl-
622 4333 737 4399 piendum
751 4332 846 4380 videtur
860 4332 892 4381 ob
905 4329 1095 4381 concinnitatem
1104 4345 1185 4379 mem-

25 4392 85 4450 dita
103 4400 287 4479 praepositione
304 4407 358 4471 qeb,
376 4419 413 4465 ee,
430 4404 468 4463 del
488 4402 598 4468 posuime
620 4402 729 4451 brorum.

25 4466 128 4527 *idern
155 4468 278 4521 licentiam
301 4471 454 4521 omittendae
469 4469 598 4537 praeposi·
672 4470 728 4518 arud
745 4494 777 4505 -
794 4469 926 4524 admirari,
954 4469 978 4513 ul
994 4467 1184 4527 inopinatorum

27 4530 107 4587 tionis
123 4556 138 4587 n
155 4537 238 4603 poe'tie
261 4540 399 4605 prolectam
420 4539 452 4589 ad
470 4537 597 4605 posterio-
620 4550 706 4587 nouum
719 4536 945 4586 occidisseotdeotur
969 4532 1004 4580 De
1016 4550 1038 4580 r.
1048 4536 1185 4586 admirandi

24 4608 68 4655 Ρη
83 4622 177 4673 prosae
191 4606 310 4658 orationis
327 4608 461 4674 scriptores
478 4622 596 4655 manasse.
623 4623 645 4653 v.
660 4604 692 4653 ad
710 4622 730 4655 c.
743 4605 767 4661 3,
781 4612 806 4655 n.
830 4599 970 4659 „Particuu
987 4605 1010 4649 ut
1026 4612 1111 4653 nostro
1127 4622 1183 4655 eer-

25 4664 70 4723 01.
87 4690 135 4723 noe
150 4674 177 4725 in
194 4674 238 4725 Gr.
254 4676 283 4725 L.
299 4679 320 4741 ὁ.
333 4676 388 4727 115.
405 4676 464 4725 Not.
473 4678 515 4725 211.
541 4670 597 4721 Lit-
621 4690 695 4722 mone
710 4671 794 4721 melius
811 4667 921 4718 redditur
936 4672 972 4718 ule
982 4683 1057 4733 werra,
1075 4687 1184 4739 quameo

22 4738 111 4791 teram
126 4756 142 4791 e
158 4740 183 4793 lt.
200 4742 217 4793 l.
234 4742 309 4793 tacite
325 4744 410 4793 ultima
429 4740 598 4809 praecedentis
622 4743 686 4803 does,
703 4754 840 4807 quanquam
859 4737 993 4789 carendum
1011 4750 1063 4797 ent,
1081 4756 1112 4789 ne
1129 4739 1182 4807 quie

22 4806 148 4859 *ombutt
162 4808 245 4861 littera
259 4809 385 4861 abeorberi
399 4810 487 4876 potuit.
515 4807 597 4859 ctae
623 4808 716 4867 credat,
734 4813 759 4858 ut
774 4823 859 4857 reuera
874 4806 1011 4873 siguificare
1025 4806 1092 4857 idem
1107 4818 1183 4877 atque

21 4864 46 4923 ¹-
63 4874 111 4935 23,
124 4872 171 4927 54:
187 4893 203 4926 a
217 4880 308 4945 primo.
324 4880 355 4929 V.
371 4878 412 4934 25.
428 4878 468 4929 70.
487 4876 527 4941 37,
543 4875 596 4928 106.
621 4880 722 4938 queat,“
747 4886 774 4925 ut
789 4874 824 4924 ait
841 4878 991 4935 sacreum.
1005 4873 1038 4923 ad
1051 4892 1088 4940 pr.
1106 4876 1181 4927 Andr.

22 4936 110 4997 Rom
118 4940 233 4995 defendit
249 4946 364 4999 omnnem
381 4943 596 5014 pmepoeitionem,
625 4945 662 5007 tt,
677 4945 717 4996 30.
732 4960 758 5011 p.
770 4941 824 4995 teu.
840 4940 961 5009 eompde
977 4940 1037 5006 Rep.
1048 4944 1067 4991 l.
1083 4938 1180 5001 tome:

20 5020 107 5077 quum
121 5008 191 5073 dicit,
207 5012 261 5065 fieri
276 5012 352 5065 ctiam
367 5030 453 5081 ponae,
472 5020 499 5061 nt
515 5013 596 5062 erita-
621 5021 673 5063 turn
683 5026 783 5080 prorene
799 5008 834 5059 ite
846 5018 901 5059 ecta
915 5008 1040 5076 pleraque,
1057 5014 1082 5056 ut
1096 5008 1121 5057 in
1132 5023 1181 5071 po-

77 5092 118 5139 erl.
132 5102 222 5151 quarte.
906 5083 947 5138 29
