<?xml version="1.0" encoding="UTF-8"?>
<!DOCTYPE html PUBLIC "-//W3C//DTD XHTML 1.0 Transitional//EN"
    "http://www.w3.org/TR/xhtml1/DTD/xhtml1-transitional.dtd">
<html xmlns="http://www.w3.org/1999/xhtml" xml:lang="en" lang="en">
 <head>
  <title>
</title>
<meta http-equiv="Content-Type" content="text/html;charset=utf-8" />
  <meta name='ocr-system' content='tesseract 3.04.00' />
  <meta name='ocr-capabilities' content='ocr_page ocr_carea ocr_par ocr_line ocrx_word'/>
</head>
<body>
  <div class='ocr_page' id='page_1' title='image "./mtulliiciceroni00khgoog_0482.png"; bbox 0 0 2888 5512; ppageno 0'>
   <div class='ocr_carea' id='block_1_1' title="bbox 266 303 999 377">
    <p class='ocr_par' dir='ltr' id='par_1_1' title="bbox 266 303 999 377">
     <span class='ocr_line' id='line_1_1' title="bbox 266 303 999 377; baseline -0.005 -7"><span class='ocrx_word' id='word_1_1' title='bbox 266 303 331 371; x_wconf 80' lang='lat' dir='ltr'><strong>nc</strong></span> <span class='ocrx_word' id='word_1_2' title='bbox 706 311 999 377; x_wconf 57' lang='lat' dir='ltr'><strong>cruentarat.</strong></span> 
     </span>
    </p>
   </div>
   <div class='ocr_carea' id='block_1_2' title="bbox 233 429 1425 1388">
    <p class='ocr_par' dir='ltr' id='par_1_2' title="bbox 266 429 1417 610">
     <span class='ocr_line' id='line_1_2' title="bbox 267 429 1417 521; baseline -0.002 -22"><span class='ocrx_word' id='word_1_3' title='bbox 267 449 354 521; x_wconf 88' lang='lat' dir='ltr'><strong>teque</strong></span> <span class='ocrx_word' id='word_1_4' title='bbox 372 446 404 499; x_wconf 89' lang='lat' dir='ltr'><strong>ct</strong></span> <span class='ocrx_word' id='word_1_5' title='bbox 422 436 500 498; x_wconf 83' lang='lat' dir='ltr'><strong>clara</strong></span> <span class='ocrx_word' id='word_1_6' title='bbox 520 455 596 497; x_wconf 84' lang='lat' dir='ltr'><strong>roca</strong></span> <span class='ocrx_word' id='word_1_7' title='bbox 610 434 738 497; x_wconf 84' lang='lat' dir='ltr'><strong>audeant</strong></span> <span class='ocrx_word' id='word_1_8' title='bbox 759 435 874 510; x_wconf 78' lang='lat' dir='ltr'>dicere,</span> <span class='ocrx_word' id='word_1_9' title='bbox 899 433 1015 495; x_wconf 90' lang='lat' dir='ltr'><strong>beatam</strong></span> <span class='ocrx_word' id='word_1_10' title='bbox 1032 432 1124 495; x_wconf 86' lang='lat' dir='ltr'><strong>vitam</strong></span> <span class='ocrx_word' id='word_1_11' title='bbox 1141 433 1173 494; x_wconf 86' lang='lat' dir='ltr'><strong>in</strong></span> <span class='ocrx_word' id='word_1_12' title='bbox 1190 429 1356 495; x_wconf 80' lang='lat' dir='ltr'><strong>Phalaridis</strong></span> <span class='ocrx_word' id='word_1_13' title='bbox 1371 442 1417 497; x_wconf 76' lang='lat' dir='ltr'><strong>tn·</strong></span> 
     </span>
     <span class='ocr_line' id='line_1_3' title="bbox 266 547 573 610; baseline -0.016 0"><span class='ocrx_word' id='word_1_14' title='bbox 266 568 331 610; x_wconf 88' lang='lat' dir='ltr'><strong>rum</strong></span> <span class='ocrx_word' id='word_1_15' title='bbox 353 547 573 608; x_wconf 78' lang='lat' dir='ltr'>descensuram.</span> 
     </span>
    </p>

    <p class='ocr_par' dir='ltr' id='par_1_3' title="bbox 233 642 1425 1388">
     <span class='ocr_line' id='line_1_4' title="bbox 349 642 1418 735; baseline -0.005 -18"><span class='ocrx_word' id='word_1_16' title='bbox 349 652 486 717; x_wconf 81' lang='lat' dir='ltr'><strong>XXVll.</strong></span> <span class='ocrx_word' id='word_1_17' title='bbox 512 663 573 723; x_wconf 71' lang='lat'><strong>76.</strong></span> <span class='ocrx_word' id='word_1_18' title='bbox 591 648 682 715; x_wconf 86' lang='lat' dir='ltr'><strong>Sint¹</strong></span> <span class='ocrx_word' id='word_1_19' title='bbox 700 647 778 714; x_wconf 87' lang='lat' dir='ltr'><strong>enim</strong></span> <span class='ocrx_word' id='word_1_20' title='bbox 793 642 849 713; x_wconf 81' lang='lat' dir='ltr'><strong>tria</strong></span> <span class='ocrx_word' id='word_1_21' title='bbox 863 672 974 733; x_wconf 86' lang='lat' dir='ltr'><strong>genera</strong></span> <span class='ocrx_word' id='word_1_22' title='bbox 987 652 1142 728; x_wconf 89' lang='lat' dir='ltr'><strong>bonorum,</strong></span> <span class='ocrx_word' id='word_1_23' title='bbox 1167 652 1215 731; x_wconf 92' lang='lat' dir='ltr'><strong>(ut</strong></span> <span class='ocrx_word' id='word_1_24' title='bbox 1228 650 1288 713; x_wconf 81' lang='lat' dir='ltr'><strong>ian</strong></span> <span class='ocrx_word' id='word_1_25' title='bbox 1299 648 1418 735; x_wconf 57' lang='lat' dir='ltr'><strong>alequi</strong></span> 
     </span>
     <span class='ocr_line' id='line_1_5' title="bbox 264 759 1425 844; baseline -0.006 -17"><span class='ocrx_word' id='word_1_26' title='bbox 264 762 450 839; x_wconf 85' lang='lat' dir='ltr'><strong>Stoicorum,</strong></span> <span class='ocrx_word' id='word_1_27' title='bbox 475 762 579 844; x_wconf 87' lang='lat' dir='ltr'><strong>quibas</strong></span> <span class='ocrx_word' id='word_1_28' title='bbox 597 782 681 824; x_wconf 89' lang='lat' dir='ltr'><strong>usum</strong></span> <span class='ocrx_word' id='word_1_29' title='bbox 699 781 745 823; x_wconf 90' lang='lat' dir='ltr'><strong>mc</strong></span> <span class='ocrx_word' id='word_1_30' title='bbox 767 760 918 843; x_wconf 87' lang='lat' dir='ltr'><strong>pluribus,</strong></span> <span class='ocrx_word' id='word_1_31' title='bbox 943 782 1028 843; x_wconf 90' lang='lat' dir='ltr'><strong>quam</strong></span> <span class='ocrx_word' id='word_1_32' title='bbox 1049 761 1152 836; x_wconf 88' lang='lat' dir='ltr'><strong>solco,</strong></span> <span class='ocrx_word' id='word_1_33' title='bbox 1176 759 1328 843; x_wconf 71' lang='lat' dir='ltr'><strong>intelligo,</strong></span> <span class='ocrx_word' id='word_1_34' title='bbox 1351 778 1425 827; x_wconf 74' lang='lat' dir='ltr'><strong>rear·-</strong></span> 
     </span>
     <span class='ocr_line' id='line_1_6' title="bbox 263 868 1417 954; baseline -0.002 -19"><span class='ocrx_word' id='word_1_35' title='bbox 263 874 398 954; x_wconf 87' lang='lat' dir='ltr'><strong>damus,)</strong></span> <span class='ocrx_word' id='word_1_36' title='bbox 421 873 480 934; x_wconf 89' lang='lat' dir='ltr'><strong>sint</strong></span> <span class='ocrx_word' id='word_1_37' title='bbox 495 891 566 933; x_wconf 89' lang='lat' dir='ltr'><strong>sanc</strong></span> <span class='ocrx_word' id='word_1_38' title='bbox 584 871 633 932; x_wconf 90' lang='lat' dir='ltr'><strong>illa</strong></span> <span class='ocrx_word' id='word_1_39' title='bbox 649 890 761 952; x_wconf 85' lang='lat' dir='ltr'><strong>genera</strong></span> <span class='ocrx_word' id='word_1_40' title='bbox 776 871 938 946; x_wconf 90' lang='lat' dir='ltr'><strong>bonorum,</strong></span> <span class='ocrx_word' id='word_1_41' title='bbox 963 871 1030 932; x_wconf 93' lang='lat' dir='ltr'><strong>dum</strong></span> <span class='ocrx_word' id='word_1_42' title='bbox 1048 869 1185 952; x_wconf 82' lang='lat' dir='ltr'><strong>corporis</strong></span> <span class='ocrx_word' id='word_1_43' title='bbox 1200 880 1233 931; x_wconf 89' lang='lat' dir='ltr'><strong>et</strong></span> <span class='ocrx_word' id='word_1_44' title='bbox 1252 880 1368 933; x_wconf 83' lang='lat' dir='ltr'><strong>cxtcrm</strong></span> <span class='ocrx_word' id='word_1_45' title='bbox 1380 868 1417 933; x_wconf 79' lang='lat' dir='ltr'><strong>it·</strong></span> 
     </span>
     <span class='ocr_line' id='line_1_7' title="bbox 233 962 1414 1060; baseline -0.004 -15"><span class='ocrx_word' id='word_1_46' title='bbox 233 962 242 975; x_wconf 55' lang='grc'><em>’</em></span> <span class='ocrx_word' id='word_1_47' title='bbox 263 993 352 1045; x_wconf 80' lang='lat' dir='ltr'>ceant</span> <span class='ocrx_word' id='word_1_48' title='bbox 371 983 448 1043; x_wconf 90' lang='lat' dir='ltr'><strong>bumi</strong></span> <span class='ocrx_word' id='word_1_49' title='bbox 468 991 498 1041; x_wconf 92' lang='lat' dir='ltr'><strong>et</strong></span> <span class='ocrx_word' id='word_1_50' title='bbox 515 980 733 1055; x_wconf 88' lang='lat' dir='ltr'><strong>tantummodo,</strong></span> <span class='ocrx_word' id='word_1_51' title='bbox 764 980 833 1060; x_wconf 90' lang='lat' dir='ltr'><strong>quia</strong></span> <span class='ocrx_word' id='word_1_52' title='bbox 850 979 992 1041; x_wconf 88' lang='lat' dir='ltr'><strong>sumenda</strong></span> <span class='ocrx_word' id='word_1_53' title='bbox 1016 979 1115 1055; x_wconf 82' lang='lat' dir='ltr'><strong>sint¹,</strong></span> <span class='ocrx_word' id='word_1_54' title='bbox 1147 979 1331 1060; x_wconf 68' lang='lat' dir='ltr'><strong>appellentur</strong></span> <span class='ocrx_word' id='word_1_55' title='bbox 1343 978 1414 1057; x_wconf 69' lang='lat' dir='ltr'><strong>bnt,</strong></span> 
     </span>
     <span class='ocr_line' id='line_1_8' title="bbox 265 1086 1416 1171; baseline -0.003 -16"><span class='ocrx_word' id='word_1_56' title='bbox 265 1094 323 1156; x_wconf 86' lang='lat' dir='ltr'><strong>alia</strong></span> <span class='ocrx_word' id='word_1_57' title='bbox 343 1102 439 1153; x_wconf 87' lang='lat' dir='ltr'><strong>autem</strong></span> <span class='ocrx_word' id='word_1_58' title='bbox 456 1090 504 1151; x_wconf 87' lang='lat' dir='ltr'><strong>illa</strong></span> <span class='ocrx_word' id='word_1_59' title='bbox 522 1090 622 1151; x_wconf 84' lang='lat' dir='ltr'><strong>diuina</strong></span> <span class='ocrx_word' id='word_1_60' title='bbox 641 1088 728 1168; x_wconf 81' lang='lat' dir='ltr'><strong>longe</strong></span> <span class='ocrx_word' id='word_1_61' title='bbox 743 1088 856 1169; x_wconf 85' lang='lat' dir='ltr'><strong>lateque</strong></span> <span class='ocrx_word' id='word_1_62' title='bbox 874 1108 906 1149; x_wconf 90' lang='lat' dir='ltr'><strong>se</strong></span> <span class='ocrx_word' id='word_1_63' title='bbox 923 1088 1049 1170; x_wconf 78' lang='lat' dir='ltr'><strong>pandant</strong></span> <span class='ocrx_word' id='word_1_64' title='bbox 1065 1086 1242 1169; x_wconf 86' lang='lat' dir='ltr'><strong>caelumque</strong></span> <span class='ocrx_word' id='word_1_65' title='bbox 1257 1088 1416 1171; x_wconf 62' lang='lat' dir='ltr'><strong>contingen,</strong></span> 
     </span>
     <span class='ocr_line' id='line_1_9' title="bbox 264 1196 1416 1282; baseline -0.003 -18"><span class='ocrx_word' id='word_1_66' title='bbox 264 1206 336 1277; x_wconf 80' lang='lat' dir='ltr'><strong>ut³,</strong></span> <span class='ocrx_word' id='word_1_67' title='bbox 360 1221 396 1262; x_wconf 86' lang='lat' dir='ltr'><strong>ca</strong></span> <span class='ocrx_word' id='word_1_68' title='bbox 416 1201 464 1282; x_wconf 92' lang='lat' dir='ltr'><strong>qui</strong></span> <span class='ocrx_word' id='word_1_69' title='bbox 482 1199 603 1281; x_wconf 84' lang='lat' dir='ltr'><strong>adeptus</strong></span> <span class='ocrx_word' id='word_1_70' title='bbox 623 1199 678 1274; x_wconf 88' lang='lat' dir='ltr'><strong>sit,</strong></span> <span class='ocrx_word' id='word_1_71' title='bbox 712 1218 764 1259; x_wconf 89' lang='lat' dir='ltr'><strong>cur</strong></span> <span class='ocrx_word' id='word_1_72' title='bbox 780 1216 846 1258; x_wconf 92' lang='lat' dir='ltr'><strong>cum</strong></span> <span class='ocrx_word' id='word_1_73' title='bbox 864 1197 980 1259; x_wconf 89' lang='lat' dir='ltr'><strong>beatum</strong></span> <span class='ocrx_word' id='word_1_74' title='bbox 1005 1196 1139 1258; x_wconf 85' lang='lat' dir='ltr'><strong>modoet</strong></span> <span class='ocrx_word' id='word_1_75' title='bbox 1162 1217 1225 1258; x_wconf 92' lang='lat' dir='ltr'><strong>non</strong></span> <span class='ocrx_word' id='word_1_76' title='bbox 1241 1198 1416 1261; x_wconf 69' lang='lat' dir='ltr'><strong>beatissima</strong></span> 
     </span>
     <span class='ocr_line' id='line_1_10' title="bbox 264 1303 1418 1388; baseline -0.003 -15"><span class='ocrx_word' id='word_1_77' title='bbox 264 1312 350 1374; x_wconf 85' lang='lat' dir='ltr'><strong>etiarn</strong></span> <span class='ocrx_word' id='word_1_78' title='bbox 365 1309 513 1371; x_wconf 76' lang='lat' dir='ltr'><strong>dixerim?</strong></span> <span class='ocrx_word' id='word_1_79' title='bbox 543 1305 685 1370; x_wconf 84' lang='lat' dir='ltr'><strong>Dolorem</strong></span> <span class='ocrx_word' id='word_1_80' title='bbox 698 1327 771 1369; x_wconf 87' lang='lat' dir='ltr'><strong>vero</strong></span> <span class='ocrx_word' id='word_1_81' title='bbox 786 1307 904 1388; x_wconf 85' lang='lat' dir='ltr'><strong>sapiens</strong></span> <span class='ocrx_word' id='word_1_82' title='bbox 921 1306 1108 1368; x_wconf 77' lang='lat' dir='ltr'><strong>extimescet.</strong></span> <span class='ocrx_word' id='word_1_83' title='bbox 1154 1303 1187 1367; x_wconf 83' lang='lat' dir='ltr'><strong>la</strong></span> <span class='ocrx_word' id='word_1_84' title='bbox 1203 1308 1281 1369; x_wconf 88' lang='lat' dir='ltr'><strong>eninr</strong></span> <span class='ocrx_word' id='word_1_85' title='bbox 1296 1307 1355 1369; x_wconf 87' lang='lat' dir='ltr'><strong>buic</strong></span> <span class='ocrx_word' id='word_1_86' title='bbox 1366 1326 1418 1369; x_wconf 83' lang='lat' dir='ltr'><strong>na·</strong></span> 
     </span>
    </p>
   </div>
   <div class='ocr_carea' id='block_1_3' title="bbox 147 1415 1417 1499">
    <p class='ocr_par' dir='ltr' id='par_1_4' title="bbox 147 1415 1417 1499">
     <span class='ocr_line' id='line_1_11' title="bbox 147 1415 1417 1499; baseline -0.003 -17"><span class='ocrx_word' id='word_1_87' title='bbox 147 1415 157 1433; x_wconf 85' lang='lat'>&#39;</span> <span class='ocrx_word' id='word_1_88' title='bbox 262 1420 344 1482; x_wconf 84' lang='lat' dir='ltr'><strong>xime</strong></span> <span class='ocrx_word' id='word_1_89' title='bbox 361 1419 526 1481; x_wconf 84' lang='lat' dir='ltr'><strong>sententiae</strong></span> <span class='ocrx_word' id='word_1_90' title='bbox 540 1428 701 1499; x_wconf 84' lang='lat' dir='ltr'><strong>repugnat3</strong></span> <span class='ocrx_word' id='word_1_91' title='bbox 726 1437 792 1478; x_wconf 90' lang='lat' dir='ltr'><strong>nam</strong></span> <span class='ocrx_word' id='word_1_92' title='bbox 808 1426 911 1477; x_wconf 87' lang='lat' dir='ltr'><strong>contra</strong></span> <span class='ocrx_word' id='word_1_93' title='bbox 926 1426 1050 1477; x_wconf 79' lang='lat' dir='ltr'><strong>rurortem</strong></span> <span class='ocrx_word' id='word_1_94' title='bbox 1066 1424 1201 1477; x_wconf 88' lang='lat' dir='ltr'><strong>nostram</strong></span> <span class='ocrx_word' id='word_1_95' title='bbox 1216 1426 1300 1499; x_wconf 76' lang='lat' dir='ltr'><strong>atqm</strong></span> <span class='ocrx_word' id='word_1_96' title='bbox 1315 1424 1417 1479; x_wconf 84' lang='lat' dir='ltr'><strong>nostro·</strong></span> 
     </span>
    </p>
   </div>
   <div class='ocr_carea' id='block_1_4' title="bbox 259 1523 1418 1934">
    <p class='ocr_par' dir='ltr' id='par_1_5' title="bbox 259 1523 1418 1934">
     <span class='ocr_line' id='line_1_12' title="bbox 263 1523 1418 1610; baseline -0.001 -20"><span class='ocrx_word' id='word_1_97' title='bbox 263 1551 326 1592; x_wconf 93' lang='lat' dir='ltr'><strong>rum</strong></span> <span class='ocrx_word' id='word_1_98' title='bbox 341 1539 502 1610; x_wconf 80' lang='lat' dir='ltr'><strong>contraque</strong></span> <span class='ocrx_word' id='word_1_99' title='bbox 514 1526 726 1609; x_wconf 82' lang='lat' dir='ltr'><strong>aegritudinem</strong></span> <span class='ocrx_word' id='word_1_100' title='bbox 740 1537 769 1587; x_wconf 91' lang='lat' dir='ltr'><strong>ct</strong></span> <span class='ocrx_word' id='word_1_101' title='bbox 784 1525 913 1607; x_wconf 88' lang='lat' dir='ltr'><strong>reliquas</strong></span> <span class='ocrx_word' id='word_1_102' title='bbox 926 1525 1014 1587; x_wconf 86' lang='lat' dir='ltr'><strong>animi</strong></span> <span class='ocrx_word' id='word_1_103' title='bbox 1030 1523 1268 1607; x_wconf 78' lang='lat' dir='ltr'><strong>perturbationes</strong></span> <span class='ocrx_word' id='word_1_104' title='bbox 1281 1526 1351 1587; x_wconf 83' lang='lat' dir='ltr'><strong>satis</strong></span> <span class='ocrx_word' id='word_1_105' title='bbox 1361 1542 1418 1589; x_wconf 67' lang='lat' dir='ltr'><strong>can</strong></span> 
     </span>
     <span class='ocr_line' id='line_1_13' title="bbox 262 1633 1418 1718; baseline -0.002 -19"><span class='ocrx_word' id='word_1_106' title='bbox 262 1638 397 1700; x_wconf 85' lang='lat' dir='ltr'><strong>videmur</strong></span> <span class='ocrx_word' id='word_1_107' title='bbox 417 1636 601 1718; x_wconf 86' lang='lat' dir='ltr'><strong>superiorum</strong></span> <span class='ocrx_word' id='word_1_108' title='bbox 628 1637 739 1696; x_wconf 89' lang='lat' dir='ltr'><strong>dierum</strong></span> <span class='ocrx_word' id='word_1_109' title='bbox 764 1633 1009 1716; x_wconf 84' lang='lat' dir='ltr'><strong>disputationibus</strong></span> <span class='ocrx_word' id='word_1_110' title='bbox 1030 1633 1135 1695; x_wconf 87' lang='lat' dir='ltr'><strong>armati</strong></span> <span class='ocrx_word' id='word_1_111' title='bbox 1160 1644 1192 1697; x_wconf 84' lang='lat' dir='ltr'><strong>ct</strong></span> <span class='ocrx_word' id='word_1_112' title='bbox 1211 1635 1316 1717; x_wconf 68' lang='lat' dir='ltr'><strong>pentir</strong></span> <span class='ocrx_word' id='word_1_113' title='bbox 1344 1634 1418 1697; x_wconf 87' lang='lat' dir='ltr'><strong>dolor</strong></span> 
     </span>
     <span class='ocr_line' id='line_1_14' title="bbox 260 1742 1418 1819; baseline -0.003 -11"><span class='ocrx_word' id='word_1_114' title='bbox 260 1766 329 1808; x_wconf 91' lang='lat' dir='ltr'><strong>esse</strong></span> <span class='ocrx_word' id='word_1_115' title='bbox 343 1746 460 1806; x_wconf 87' lang='lat' dir='ltr'><strong>videtur</strong></span> <span class='ocrx_word' id='word_1_116' title='bbox 472 1742 635 1804; x_wconf 89' lang='lat' dir='ltr'><strong>acerrimus</strong></span> <span class='ocrx_word' id='word_1_117' title='bbox 649 1743 772 1803; x_wconf 83' lang='lat' dir='ltr'><strong>virtuti³</strong></span> <span class='ocrx_word' id='word_1_118' title='bbox 786 1743 988 1819; x_wconf 83' lang='lat' dir='ltr'><strong>adversarius,</strong></span> <span class='ocrx_word' id='word_1_119' title='bbox 1007 1743 1032 1803; x_wconf 91' lang='lat' dir='ltr'><strong>is</strong></span> <span class='ocrx_word' id='word_1_120' title='bbox 1044 1743 1186 1806; x_wconf 87' lang='lat' dir='ltr'><strong>ardentes</strong></span> <span class='ocrx_word' id='word_1_121' title='bbox 1202 1744 1278 1805; x_wconf 83' lang='lat' dir='ltr'><strong>laces</strong></span> <span class='ocrx_word' id='word_1_122' title='bbox 1290 1743 1418 1819; x_wconf 84' lang='lat' dir='ltr'><strong>intentat,</strong></span> 
     </span>
     <span class='ocr_line' id='line_1_15' title="bbox 259 1850 1418 1934; baseline 0 -19"><span class='ocrx_word' id='word_1_123' title='bbox 259 1854 287 1915; x_wconf 90' lang='lat' dir='ltr'><strong>is</strong></span> <span class='ocrx_word' id='word_1_124' title='bbox 315 1851 529 1930; x_wconf 81' lang='lat' dir='ltr'><strong>tortitudinem,</strong></span> <span class='ocrx_word' id='word_1_125' title='bbox 562 1851 792 1934; x_wconf 86' lang='lat' dir='ltr'><strong>magnitudinem</strong></span> <span class='ocrx_word' id='word_1_126' title='bbox 821 1850 929 1927; x_wconf 88' lang='lat' dir='ltr'><strong>animi,</strong></span> <span class='ocrx_word' id='word_1_127' title='bbox 961 1850 1132 1933; x_wconf 88' lang='lat' dir='ltr'><strong>patientiam</strong></span> <span class='ocrx_word' id='word_1_128' title='bbox 1154 1871 1190 1913; x_wconf 88' lang='lat' dir='ltr'><strong>se</strong></span> <span class='ocrx_word' id='word_1_129' title='bbox 1217 1851 1418 1915; x_wconf 82' lang='lat' dir='ltr'><strong>debilitaturum</strong></span> 
     </span>
    </p>
   </div>
   <div class='ocr_carea' id='block_1_5' title="bbox 244 2041 1417 2177">
    <p class='ocr_par' dir='ltr' id='par_1_6' title="bbox 244 2041 1417 2177">
     <span class='ocr_line' id='line_1_16' title="bbox 311 2041 1417 2111; baseline -0.004 -14"><span class='ocrx_word' id='word_1_130' title='bbox 311 2046 420 2097; x_wconf 84' lang='lat' dir='ltr'><strong>xxvu.</strong></span> <span class='ocrx_word' id='word_1_131' title='bbox 448 2043 459 2093; x_wconf 94' lang='lat' dir='ltr'><strong>l</strong></span> <span class='ocrx_word' id='word_1_132' title='bbox 480 2044 509 2093; x_wconf 86' lang='lat' dir='ltr'><strong>tt.</strong></span> <span class='ocrx_word' id='word_1_133' title='bbox 525 2046 551 2093; x_wconf 86' lang='grc' dir='ltr'><strong>Ρ.</strong></span> <span class='ocrx_word' id='word_1_134' title='bbox 571 2055 597 2093; x_wconf 88' lang='lat' dir='ltr'><strong>ct</strong></span> <span class='ocrx_word' id='word_1_135' title='bbox 612 2044 683 2111; x_wconf 88' lang='lat' dir='ltr'><strong>pauci</strong></span> <span class='ocrx_word' id='word_1_136' title='bbox 699 2043 836 2093; x_wconf 83' lang='lat' dir='ltr'><strong>deteriores</strong></span> <span class='ocrx_word' id='word_1_137' title='bbox 854 2043 927 2093; x_wconf 88' lang='lat' dir='ltr'><strong>codd.</strong></span> <span class='ocrx_word' id='word_1_138' title='bbox 941 2050 1003 2105; x_wconf 85' lang='lat' dir='ltr'><strong>aunt,</strong></span> <span class='ocrx_word' id='word_1_139' title='bbox 1020 2061 1045 2091; x_wconf 86' lang='lat' dir='ltr'><strong>r.</strong></span> <span class='ocrx_word' id='word_1_140' title='bbox 1058 2043 1092 2093; x_wconf 88' lang='lat' dir='ltr'><strong>ad</strong></span> <span class='ocrx_word' id='word_1_141' title='bbox 1108 2041 1185 2103; x_wconf 71' lang='lat' dir='ltr'><strong>tta.</strong></span> <span class='ocrx_word' id='word_1_142' title='bbox 1201 2042 1246 2093; x_wconf 80' lang='lat'><strong>55:</strong></span> <span class='ocrx_word' id='word_1_143' title='bbox 1260 2058 1313 2093; x_wconf 71' lang='grc' dir='ltr'><em>Μ</em></span> <span class='ocrx_word' id='word_1_144' title='bbox 1326 2055 1417 2111; x_wconf 73' lang='lat' dir='ltr'><strong>passm.</strong></span> 
     </span>
     <span class='ocr_line' id='line_1_17' title="bbox 244 2108 1416 2177; baseline -0.004 -13"><span class='ocrx_word' id='word_1_145' title='bbox 244 2114 276 2164; x_wconf 68' lang='lat'><strong>,2</strong></span> <span class='ocrx_word' id='word_1_146' title='bbox 294 2114 335 2163; x_wconf 86' lang='lat' dir='ltr'><strong>Sic</strong></span> <span class='ocrx_word' id='word_1_147' title='bbox 344 2117 386 2163; x_wconf 87' lang='lat' dir='ltr'><strong>Or.</strong></span> <span class='ocrx_word' id='word_1_148' title='bbox 403 2130 424 2161; x_wconf 87' lang='lat' dir='ltr'><strong>c.</strong></span> <span class='ocrx_word' id='word_1_149' title='bbox 439 2112 467 2159; x_wconf 89' lang='lat' dir='ltr'><strong>ll.</strong></span> <span class='ocrx_word' id='word_1_150' title='bbox 479 2112 504 2161; x_wconf 87' lang='lat' dir='ltr'><strong>P.</strong></span> <span class='ocrx_word' id='word_1_151' title='bbox 515 2110 580 2158; x_wconf 87' lang='lat' dir='ltr'><strong>Gud.</strong></span> <span class='ocrx_word' id='word_1_152' title='bbox 591 2110 612 2160; x_wconf 89' lang='lat' dir='ltr'><strong>l.</strong></span> <span class='ocrx_word' id='word_1_153' title='bbox 631 2112 661 2161; x_wconf 88' lang='lat' dir='ltr'><strong>ll.</strong></span> <span class='ocrx_word' id='word_1_154' title='bbox 678 2110 779 2175; x_wconf 88' lang='lat' dir='ltr'><strong>aliisque</strong></span> <span class='ocrx_word' id='word_1_155' title='bbox 794 2110 888 2176; x_wconf 83' lang='lat' dir='ltr'><strong>aliquot</strong></span> <span class='ocrx_word' id='word_1_156' title='bbox 903 2109 960 2159; x_wconf 86' lang='lat' dir='ltr'><strong>edd.</strong></span> <span class='ocrx_word' id='word_1_157' title='bbox 977 2121 1037 2159; x_wconf 86' lang='lat' dir='ltr'><strong>vett.</strong></span> <span class='ocrx_word' id='word_1_158' title='bbox 1053 2126 1100 2176; x_wconf 87' lang='lat' dir='ltr'><strong>pro</strong></span> <span class='ocrx_word' id='word_1_159' title='bbox 1117 2110 1179 2177; x_wconf 83' lang='lat' dir='ltr'><strong>vulg.</strong></span> <span class='ocrx_word' id='word_1_160' title='bbox 1194 2117 1254 2160; x_wconf 77' lang='lat' dir='ltr'><strong>unt.</strong></span> <span class='ocrx_word' id='word_1_161' title='bbox 1284 2108 1302 2160; x_wconf 72' lang='grc'><strong>3</strong></span> <span class='ocrx_word' id='word_1_162' title='bbox 1319 2126 1342 2159; x_wconf 81' lang='lat' dir='ltr'><strong>r.</strong></span> <span class='ocrx_word' id='word_1_163' title='bbox 1353 2110 1416 2159; x_wconf 76' lang='lat' dir='ltr'><strong>adn.</strong></span> 
     </span>
    </p>
   </div>
   <div class='ocr_carea' id='block_1_6' title="bbox 245 2224 1433 4638">
    <p class='ocr_par' dir='ltr' id='par_1_7' title="bbox 245 2224 1433 4638">
     <span class='ocr_line' id='line_1_18' title="bbox 261 2224 1417 2295; baseline -0.004 -15"><span class='ocrx_word' id='word_1_164' title='bbox 261 2233 364 2291; x_wconf 83' lang='lat' dir='ltr'><strong>Spraclre</strong></span> <span class='ocrx_word' id='word_1_165' title='bbox 380 2231 466 2277; x_wconf 76' lang='lat' dir='ltr'><strong>nerum</strong></span> <span class='ocrx_word' id='word_1_166' title='bbox 479 2228 578 2286; x_wconf 74' lang='lat' dir='ltr'><strong>wallon,</strong></span> <span class='ocrx_word' id='word_1_167' title='bbox 592 2225 686 2287; x_wconf 77' lang='lat' dir='ltr'><strong>Wolf.)</strong></span> <span class='ocrx_word' id='word_1_168' title='bbox 705 2225 832 2290; x_wconf 79' lang='lat' dir='ltr'><strong>eleganter</strong></span> <span class='ocrx_word' id='word_1_169' title='bbox 856 2226 925 2277; x_wconf 82' lang='lat' dir='ltr'><strong>kens.</strong></span> <span class='ocrx_word' id='word_1_170' title='bbox 941 2228 1024 2277; x_wconf 77' lang='lat' dir='ltr'><strong>Lectt.</strong></span> <span class='ocrx_word' id='word_1_171' title='bbox 1040 2244 1064 2293; x_wconf 91' lang='lat' dir='ltr'><strong>p.</strong></span> <span class='ocrx_word' id='word_1_172' title='bbox 1075 2228 1141 2285; x_wconf 75' lang='lat'><strong>152,</strong></span> <span class='ocrx_word' id='word_1_173' title='bbox 1159 2226 1202 2295; x_wconf 84' lang='lat' dir='ltr'><strong>qni</strong></span> <span class='ocrx_word' id='word_1_174' title='bbox 1216 2224 1247 2277; x_wconf 84' lang='lat' dir='ltr'><strong>dc</strong></span> <span class='ocrx_word' id='word_1_175' title='bbox 1261 2226 1312 2279; x_wconf 80' lang='lat' dir='ltr'><strong>lnl.</strong></span> <span class='ocrx_word' id='word_1_176' title='bbox 1326 2226 1417 2293; x_wconf 84' lang='lat' dir='ltr'><strong>scripsit</strong></span> 
     </span>
     <span class='ocr_line' id='line_1_19' title="bbox 258 2292 1417 2360; baseline 0 -17"><span class='ocrx_word' id='word_1_177' title='bbox 258 2294 374 2345; x_wconf 90' lang='lat' dir='ltr'><strong>dicuntur</strong></span> <span class='ocrx_word' id='word_1_178' title='bbox 391 2292 547 2356; x_wconf 82' lang='lat' dir='ltr'><strong>Peripatetici</strong></span> <span class='ocrx_word' id='word_1_179' title='bbox 568 2302 713 2358; x_wconf 77' lang='lat' dir='ltr'><strong>veteresque</strong></span> <span class='ocrx_word' id='word_1_180' title='bbox 731 2292 831 2343; x_wconf 78' lang='lat' dir='ltr'><strong>Acade·</strong></span> <span class='ocrx_word' id='word_1_181' title='bbox 857 2294 905 2343; x_wconf 89' lang='lat' dir='ltr'><strong>sic:</strong></span> <span class='ocrx_word' id='word_1_182' title='bbox 933 2294 995 2343; x_wconf 88' lang='lat' dir='ltr'><strong>Mihi</strong></span> <span class='ocrx_word' id='word_1_183' title='bbox 1014 2294 1115 2360; x_wconf 87' lang='lat' dir='ltr'><strong>quidem</strong></span> <span class='ocrx_word' id='word_1_184' title='bbox 1133 2294 1197 2345; x_wconf 82' lang='lat' dir='ltr'><strong>lreec</strong></span> <span class='ocrx_word' id='word_1_185' title='bbox 1212 2292 1336 2343; x_wconf 86' lang='lat' dir='ltr'><strong>Ciceronis</strong></span> <span class='ocrx_word' id='word_1_186' title='bbox 1351 2293 1417 2343; x_wconf 77' lang='lat' dir='ltr'><strong>rerba</strong></span> 
     </span>
     <span class='ocr_line' id='line_1_20' title="bbox 258 2358 1433 2429; baseline 0.001 -19"><span class='ocrx_word' id='word_1_187' title='bbox 258 2361 330 2421; x_wconf 86' lang='lat' dir='ltr'><strong>mici,</strong></span> <span class='ocrx_word' id='word_1_188' title='bbox 360 2358 417 2425; x_wconf 86' lang='lat' dir='ltr'><strong>qnia</strong></span> <span class='ocrx_word' id='word_1_189' title='bbox 441 2358 539 2407; x_wconf 83' lang='lat' dir='ltr'><strong>beatam</strong></span> <span class='ocrx_word' id='word_1_190' title='bbox 564 2358 665 2424; x_wconf 85' lang='lat' dir='ltr'><strong>quidem</strong></span> <span class='ocrx_word' id='word_1_191' title='bbox 683 2359 759 2408; x_wconf 81' lang='lat' dir='ltr'><strong>uitam</strong></span> <span class='ocrx_word' id='word_1_192' title='bbox 784 2376 832 2408; x_wconf 88' lang='lat' dir='ltr'><strong>una</strong></span> <span class='ocrx_word' id='word_1_193' title='bbox 857 2378 907 2409; x_wconf 88' lang='lat' dir='ltr'><strong>non</strong></span> <span class='ocrx_word' id='word_1_194' title='bbox 924 2362 1095 2427; x_wconf 78' lang='lat' dir='ltr'><strong>negligenter,</strong></span> <span class='ocrx_word' id='word_1_195' title='bbox 1112 2361 1158 2411; x_wconf 87' lang='lat' dir='ltr'><strong>sed</strong></span> <span class='ocrx_word' id='word_1_196' title='bbox 1175 2362 1345 2429; x_wconf 81' lang='lat' dir='ltr'><strong>pereleganter</strong></span> <span class='ocrx_word' id='word_1_197' title='bbox 1358 2358 1433 2411; x_wconf 82' lang='lat' dir='ltr'><strong>dica&#39;</strong></span> 
     </span>
     <span class='ocr_line' id='line_1_21' title="bbox 258 2425 1415 2497; baseline 0.001 -19"><span class='ocrx_word' id='word_1_198' title='bbox 258 2428 351 2478; x_wconf 86' lang='lat' dir='ltr'><strong>uirtute</strong></span> <span class='ocrx_word' id='word_1_199' title='bbox 367 2425 455 2477; x_wconf 86' lang='lat' dir='ltr'><strong>confici</strong></span> <span class='ocrx_word' id='word_1_200' title='bbox 469 2426 594 2481; x_wconf 82' lang='lat' dir='ltr'><strong>dicebant,</strong></span> <span class='ocrx_word' id='word_1_201' title='bbox 607 2426 830 2476; x_wconf 76' lang='lat' dir='ltr'><strong>redbeatissimam</strong></span> <span class='ocrx_word' id='word_1_202' title='bbox 857 2428 979 2477; x_wconf 77' lang='lat' dir='ltr'><strong>ridentur.</strong></span> <span class='ocrx_word' id='word_1_203' title='bbox 1016 2429 1080 2477; x_wconf 84' lang='lat' dir='ltr'><strong>Nam</strong></span> <span class='ocrx_word' id='word_1_204' title='bbox 1104 2428 1131 2477; x_wconf 90' lang='lat' dir='ltr'><strong>in</strong></span> <span class='ocrx_word' id='word_1_205' title='bbox 1150 2429 1207 2495; x_wconf 84' lang='lat' dir='ltr'><strong>ipsa</strong></span> <span class='ocrx_word' id='word_1_206' title='bbox 1230 2426 1415 2497; x_wconf 70' lang='lat' dir='ltr'><strong>interrogationis</strong></span> 
     </span>
     <span class='ocr_line' id='line_1_22' title="bbox 257 2494 1414 2559; baseline 0.001 -16"><span class='ocrx_word' id='word_1_207' title='bbox 257 2495 351 2543; x_wconf 78' lang='lat' dir='ltr'><strong>virtute</strong></span> <span class='ocrx_word' id='word_1_208' title='bbox 376 2504 401 2542; x_wconf 90' lang='lat' dir='ltr'><strong>et</strong></span> <span class='ocrx_word' id='word_1_209' title='bbox 425 2494 536 2558; x_wconf 86' lang='lat' dir='ltr'><strong>corporis</strong></span> <span class='ocrx_word' id='word_1_210' title='bbox 561 2494 727 2559; x_wconf 83' lang='lat' dir='ltr'><strong>fortunaeque</strong></span> <span class='ocrx_word' id='word_1_211' title='bbox 751 2494 830 2543; x_wconf 91' lang='lat' dir='ltr'><strong>bonis.</strong></span> <span class='ocrx_word' id='word_1_212' title='bbox 856 2495 939 2543; x_wconf 78' lang='lat' dir='ltr'><strong>forma</strong></span> <span class='ocrx_word' id='word_1_213' title='bbox 961 2512 1070 2545; x_wconf 79' lang='lat' dir='ltr'><strong>carneam</strong></span> <span class='ocrx_word' id='word_1_214' title='bbox 1086 2495 1160 2545; x_wconf 82' lang='lat' dir='ltr'><strong>rideo</strong></span> <span class='ocrx_word' id='word_1_215' title='bbox 1175 2506 1287 2547; x_wconf 87' lang='lat' dir='ltr'><strong>matutae</strong></span> <span class='ocrx_word' id='word_1_216' title='bbox 1301 2494 1414 2545; x_wconf 77' lang='lat' dir='ltr'><strong>ontion&#39;n</strong></span> 
     </span>
     <span class='ocr_line' id='line_1_23' title="bbox 258 2560 1415 2625; baseline 0 -14"><span class='ocrx_word' id='word_1_217' title='bbox 258 2564 325 2611; x_wconf 71' lang='lat' dir='ltr'><strong>rtrum</strong></span> <span class='ocrx_word' id='word_1_218' title='bbox 343 2565 463 2611; x_wconf 77' lang='lat' dir='ltr'><strong>Ernesttus</strong></span> <span class='ocrx_word' id='word_1_219' title='bbox 487 2561 511 2609; x_wconf 91' lang='lat' dir='ltr'><strong>in</strong></span> <span class='ocrx_word' id='word_1_220' title='bbox 531 2560 598 2609; x_wconf 83' lang='lat' dir='ltr'><strong>Clau.</strong></span> <span class='ocrx_word' id='word_1_221' title='bbox 615 2564 730 2611; x_wconf 75' lang='lat' dir='ltr'><strong>balbutire</strong></span> <span class='ocrx_word' id='word_1_222' title='bbox 745 2560 778 2609; x_wconf 86' lang='lat' dir='ltr'><strong>de</strong></span> <span class='ocrx_word' id='word_1_223' title='bbox 801 2560 831 2611; x_wconf 81' lang='lat' dir='ltr'><strong>iis</strong></span> <span class='ocrx_word' id='word_1_224' title='bbox 858 2562 945 2610; x_wconf 88' lang='lat' dir='ltr'><strong>Dicere</strong></span> <span class='ocrx_word' id='word_1_225' title='bbox 962 2562 1042 2611; x_wconf 86' lang='lat' dir='ltr'><strong>rolrrit</strong></span> <span class='ocrx_word' id='word_1_226' title='bbox 1059 2562 1161 2611; x_wconf 86' lang='lat' dir='ltr'><strong>Cicero:</strong></span> <span class='ocrx_word' id='word_1_227' title='bbox 1180 2571 1217 2625; x_wconf 82' lang='lat' dir='ltr'><strong>at,</strong></span> <span class='ocrx_word' id='word_1_228' title='bbox 1233 2579 1261 2613; x_wconf 84' lang='lat' dir='ltr'><strong>ca</strong></span> <span class='ocrx_word' id='word_1_229' title='bbox 1275 2568 1314 2625; x_wconf 81' lang='lat' dir='ltr'><strong>qut</strong></span> <span class='ocrx_word' id='word_1_230' title='bbox 1328 2566 1415 2623; x_wconf 67' lang='lat' dir='ltr'><strong>adeptae</strong></span> 
     </span>
     <span class='ocr_line' id='line_1_24' title="bbox 258 2627 1414 2694; baseline -0.003 -17"><span class='ocrx_word' id='word_1_231' title='bbox 258 2630 365 2694; x_wconf 84' lang='lat' dir='ltr'><strong>accipit,</strong></span> <span class='ocrx_word' id='word_1_232' title='bbox 392 2629 433 2693; x_wconf 91' lang='lat' dir='ltr'><strong>qui</strong></span> <span class='ocrx_word' id='word_1_233' title='bbox 449 2628 509 2675; x_wconf 84' lang='lat' dir='ltr'><strong>satia</strong></span> <span class='ocrx_word' id='word_1_234' title='bbox 526 2627 607 2687; x_wconf 87' lang='lat' dir='ltr'><strong>clare,</strong></span> <span class='ocrx_word' id='word_1_235' title='bbox 632 2645 695 2693; x_wconf 89' lang='lat' dir='ltr'><strong>quac</strong></span> <span class='ocrx_word' id='word_1_236' title='bbox 711 2628 830 2688; x_wconf 84' lang='lat' dir='ltr'><strong>sentiunt,</strong></span> <span class='ocrx_word' id='word_1_237' title='bbox 855 2632 1028 2689; x_wconf 73' lang='lat' dir='ltr'><strong>ril,beatrra·sr&#39;l</strong></span> <span class='ocrx_word' id='word_1_238' title='bbox 1044 2632 1173 2689; x_wconf 81' lang='lat' dir='ltr'><strong>dicendus;</strong></span> <span class='ocrx_word' id='word_1_239' title='bbox 1190 2630 1237 2679; x_wconf 87' lang='lat' dir='ltr'><strong>setl</strong></span> <span class='ocrx_word' id='word_1_240' title='bbox 1250 2632 1330 2681; x_wconf 87' lang='lat' dir='ltr'><strong>sabito</strong></span> <span class='ocrx_word' id='word_1_241' title='bbox 1343 2636 1414 2679; x_wconf 81' lang='lat' dir='ltr'><strong>mutat</strong></span> 
     </span>
     <span class='ocr_line' id='line_1_25' title="bbox 258 2694 1413 2761; baseline 0.002 -18"><span class='ocrx_word' id='word_1_242' title='bbox 258 2695 340 2743; x_wconf 85' lang='lat' dir='ltr'><strong>dicere</strong></span> <span class='ocrx_word' id='word_1_243' title='bbox 365 2696 461 2743; x_wconf 91' lang='lat' dir='ltr'><strong>uolunt.</strong></span> <span class='ocrx_word' id='word_1_244' title='bbox 499 2694 612 2743; x_wconf 80' lang='lat' dir='ltr'><strong>Alienum</strong></span> <span class='ocrx_word' id='word_1_245' title='bbox 634 2706 673 2743; x_wconf 81' lang='lat' dir='ltr'><strong>est</strong></span> <span class='ocrx_word' id='word_1_246' title='bbox 692 2695 830 2761; x_wconf 84' lang='lat' dir='ltr'><strong>exemplum</strong></span> <span class='ocrx_word' id='word_1_247' title='bbox 854 2696 1003 2745; x_wconf 86' lang='lat' dir='ltr'><strong>sententiam</strong></span> <span class='ocrx_word' id='word_1_248' title='bbox 1027 2706 1053 2746; x_wconf 90' lang='lat' dir='ltr'><strong>et</strong></span> <span class='ocrx_word' id='word_1_249' title='bbox 1075 2696 1184 2761; x_wconf 85' lang='lat' dir='ltr'><strong>amplius</strong></span> <span class='ocrx_word' id='word_1_250' title='bbox 1207 2697 1291 2747; x_wconf 86' lang='lat' dir='ltr'><strong>addit:</strong></span> <span class='ocrx_word' id='word_1_251' title='bbox 1317 2709 1413 2747; x_wconf 64' lang='lat' dir='ltr'><strong>cmm</strong></span> 
     </span>
     <span class='ocr_line' id='line_1_26' title="bbox 258 2760 1412 2827; baseline 0.003 -18"><span class='ocrx_word' id='word_1_252' title='bbox 258 2760 289 2809; x_wconf 86' lang='lat' dir='ltr'><strong>dc</strong></span> <span class='ocrx_word' id='word_1_253' title='bbox 302 2761 382 2808; x_wconf 70' lang='lat' dir='ltr'><strong>trivia.</strong></span> <span class='ocrx_word' id='word_1_254' title='bbox 401 2763 418 2813; x_wconf 82' lang='lat' dir='ltr'><strong>l.</strong></span> <span class='ocrx_word' id='word_1_255' title='bbox 440 2763 460 2808; x_wconf 93' lang='lat' dir='ltr'><strong>l.</strong></span> <span class='ocrx_word' id='word_1_256' title='bbox 478 2760 508 2808; x_wconf 85' lang='lat' dir='ltr'><strong>ab</strong></span> <span class='ocrx_word' id='word_1_257' title='bbox 524 2760 617 2808; x_wconf 85' lang='lat' dir='ltr'><strong>Orellio</strong></span> <span class='ocrx_word' id='word_1_258' title='bbox 631 2761 747 2809; x_wconf 85' lang='lat' dir='ltr'><strong>allatum:</strong></span> <span class='ocrx_word' id='word_1_259' title='bbox 768 2763 829 2827; x_wconf 82' lang='lat' dir='ltr'><strong>Epi·</strong></span> <span class='ocrx_word' id='word_1_260' title='bbox 854 2764 946 2811; x_wconf 70' lang='lat' dir='ltr'><strong>matam</strong></span> <span class='ocrx_word' id='word_1_261' title='bbox 961 2766 1029 2813; x_wconf 83' lang='lat' dir='ltr'><strong>modu</strong></span> <span class='ocrx_word' id='word_1_262' title='bbox 1045 2770 1065 2813; x_wconf 81' lang='lat' dir='ltr'><strong>cl</strong></span> <span class='ocrx_word' id='word_1_263' title='bbox 1079 2764 1412 2815; x_wconf 63' lang='lat' dir='ltr'><strong>manturanenatrannt</strong></span> 
     </span>
     <span class='ocr_line' id='line_1_27' title="bbox 257 2825 1411 2889; baseline 0.002 -12"><span class='ocrx_word' id='word_1_264' title='bbox 257 2844 342 2877; x_wconf 78' lang='lat' dir='ltr'><strong>carrum</strong></span> <span class='ocrx_word' id='word_1_265' title='bbox 365 2829 528 2874; x_wconf 76' lang='lat' dir='ltr'><strong>balbutientem</strong></span> <span class='ocrx_word' id='word_1_266' title='bbox 553 2825 586 2873; x_wconf 88' lang='lat' dir='ltr'><strong>de</strong></span> <span class='ocrx_word' id='word_1_267' title='bbox 610 2836 697 2875; x_wconf 86' lang='lat' dir='ltr'><strong>nutura</strong></span> <span class='ocrx_word' id='word_1_268' title='bbox 715 2827 828 2889; x_wconf 87' lang='lat' dir='ltr'><strong>deorum,</strong></span> <span class='ocrx_word' id='word_1_269' title='bbox 856 2829 895 2877; x_wconf 83' lang='lat' dir='ltr'><strong>Cl.</strong></span> <span class='ocrx_word' id='word_1_270' title='bbox 914 2829 945 2877; x_wconf 82' lang='lat' dir='ltr'><strong>acl</strong></span> <span class='ocrx_word' id='word_1_271' title='bbox 970 2832 987 2880; x_wconf 87' lang='lat' dir='ltr'><strong>l.</strong></span> <span class='ocrx_word' id='word_1_272' title='bbox 1011 2832 1058 2886; x_wconf 72' lang='lat'><strong>2¹2.</strong></span> <span class='ocrx_word' id='word_1_273' title='bbox 1075 2832 1123 2881; x_wconf 66' lang='grc' dir='ltr'><strong>ὀὓς</strong></span> <span class='ocrx_word' id='word_1_274' title='bbox 1156 2839 1183 2881; x_wconf 83' lang='lat' dir='ltr'><strong>ut</strong></span> <span class='ocrx_word' id='word_1_275' title='bbox 1201 2860 1232 2871; x_wconf 91' lang='lat'><em>-</em></span> <span class='ocrx_word' id='word_1_276' title='bbox 1250 2827 1411 2881; x_wconf 76' lang='lat' dir='ltr'><strong>casurmacin</strong></span> 
     </span>
     <span class='ocr_line' id='line_1_28' title="bbox 257 2891 1408 2961; baseline 0.003 -18"><span class='ocrx_word' id='word_1_277' title='bbox 257 2893 282 2945; x_wconf 87' lang='lat' dir='ltr'><strong>b.</strong></span> <span class='ocrx_word' id='word_1_278' title='bbox 295 2911 316 2944; x_wconf 89' lang='lat' dir='ltr'><strong>e.</strong></span> <span class='ocrx_word' id='word_1_279' title='bbox 334 2894 419 2957; x_wconf 81' lang='lat' dir='ltr'><strong>inepte</strong></span> <span class='ocrx_word' id='word_1_280' title='bbox 436 2891 605 2942; x_wconf 86' lang='lat' dir='ltr'><strong>disserentem.</strong></span> <span class='ocrx_word' id='word_1_281' title='bbox 855 2907 1015 2961; x_wconf 87' lang='lat' dir='ltr'><strong>conspectum</strong></span> <span class='ocrx_word' id='word_1_282' title='bbox 1031 2896 1153 2947; x_wconf 85' lang='lat' dir='ltr'><strong>videatur.</strong></span> <span class='ocrx_word' id='word_1_283' title='bbox 1190 2902 1267 2949; x_wconf 83' lang='lat' dir='ltr'><strong>llosrr</strong></span> <span class='ocrx_word' id='word_1_284' title='bbox 1281 2899 1306 2948; x_wconf 84' lang='lat' dir='ltr'><strong>in</strong></span> <span class='ocrx_word' id='word_1_285' title='bbox 1322 2910 1408 2947; x_wconf 67' lang='lat' dir='ltr'><strong>censura</strong></span> 
     </span>
     <span class='ocr_line' id='line_1_29' title="bbox 309 2958 1408 3031; baseline 0.004 -19"><span class='ocrx_word' id='word_1_286' title='bbox 309 2960 483 3023; x_wconf 78' lang='lat' dir='ltr'><strong>descernuraml</strong></span> <span class='ocrx_word' id='word_1_287' title='bbox 498 2958 638 3009; x_wconf 81' lang='lat' dir='ltr'><strong>Sententia:</strong></span> <span class='ocrx_word' id='word_1_288' title='bbox 657 2958 752 3021; x_wconf 87' lang='lat' dir='ltr'><strong>dicant,</strong></span> <span class='ocrx_word' id='word_1_289' title='bbox 765 2960 828 3010; x_wconf 86' lang='lat' dir='ltr'><strong>bea·</strong></span> <span class='ocrx_word' id='word_1_290' title='bbox 852 2961 919 3011; x_wconf 85' lang='lat' dir='ltr'><strong>laud.</strong></span> <span class='ocrx_word' id='word_1_291' title='bbox 937 2964 1026 3028; x_wconf 68' lang='lat' dir='ltr'><strong>pota.</strong></span> <span class='ocrx_word' id='word_1_292' title='bbox 1042 2963 1157 3021; x_wconf 86' lang='lat' dir='ltr'><strong>coniicit,</strong></span> <span class='ocrx_word' id='word_1_293' title='bbox 1177 2982 1224 3031; x_wconf 89' lang='lat' dir='ltr'><strong>pro</strong></span> <span class='ocrx_word' id='word_1_294' title='bbox 1241 2972 1267 3015; x_wconf 89' lang='lat' dir='ltr'><strong>ut</strong></span> <span class='ocrx_word' id='word_1_295' title='bbox 1283 2981 1311 3015; x_wconf 81' lang='lat' dir='ltr'><strong>sa</strong></span> <span class='ocrx_word' id='word_1_296' title='bbox 1326 2968 1362 3027; x_wconf 81' lang='lat' dir='ltr'><strong>qui</strong></span> <span class='ocrx_word' id='word_1_297' title='bbox 1375 2962 1408 3011; x_wconf 68' lang='lat' dir='ltr'><strong>lc·</strong></span> 
     </span>
     <span class='ocr_line' id='line_1_30' title="bbox 256 3025 1406 3095; baseline 0 -16"><span class='ocrx_word' id='word_1_298' title='bbox 256 3040 308 3080; x_wconf 88' lang='lat' dir='ltr'><strong>tam</strong></span> <span class='ocrx_word' id='word_1_299' title='bbox 325 3030 402 3078; x_wconf 84' lang='lat' dir='ltr'><strong>uitam</strong></span> <span class='ocrx_word' id='word_1_300' title='bbox 420 3027 451 3077; x_wconf 85' lang='lat' dir='ltr'><strong>ab</strong></span> <span class='ocrx_word' id='word_1_301' title='bbox 470 3044 517 3077; x_wconf 89' lang='lat' dir='ltr'><strong>una</strong></span> <span class='ocrx_word' id='word_1_302' title='bbox 535 3026 627 3076; x_wconf 81' lang='lat' dir='ltr'><strong>virtute</strong></span> <span class='ocrx_word' id='word_1_303' title='bbox 644 3025 762 3092; x_wconf 85' lang='lat' dir='ltr'><strong>pendere,</strong></span> <span class='ocrx_word' id='word_1_304' title='bbox 780 3046 828 3078; x_wconf 87' lang='lat' dir='ltr'><strong>nec</strong></span> <span class='ocrx_word' id='word_1_305' title='bbox 853 3030 962 3093; x_wconf 82' lang='lat' dir='ltr'><strong>gendum</strong></span> <span class='ocrx_word' id='word_1_306' title='bbox 979 3047 1045 3079; x_wconf 85' lang='lat' dir='ltr'><strong>esse:</strong></span> <span class='ocrx_word' id='word_1_307' title='bbox 1064 3045 1137 3093; x_wconf 84' lang='lat' dir='ltr'><strong>caque</strong></span> <span class='ocrx_word' id='word_1_308' title='bbox 1151 3038 1211 3095; x_wconf 85' lang='lat' dir='ltr'><strong>qut&#39;,·</strong></span> <span class='ocrx_word' id='word_1_309' title='bbox 1234 3032 1327 3082; x_wconf 73' lang='lat' dir='ltr'><strong>scilicet</strong></span> <span class='ocrx_word' id='word_1_310' title='bbox 1342 3045 1406 3079; x_wconf 83' lang='lat' dir='ltr'><strong>roca-</strong></span> 
     </span>
     <span class='ocr_line' id='line_1_31' title="bbox 256 3092 1403 3167; baseline 0.006 -24"><span class='ocrx_word' id='word_1_311' title='bbox 256 3098 385 3163; x_wconf 88' lang='lat' dir='ltr'><strong>qnicquam</strong></span> <span class='ocrx_word' id='word_1_312' title='bbox 404 3095 494 3145; x_wconf 87' lang='lat' dir='ltr'><strong>malum</strong></span> <span class='ocrx_word' id='word_1_313' title='bbox 512 3110 573 3154; x_wconf 82' lang='lat' dir='ltr'><strong>esce,</strong></span> <span class='ocrx_word' id='word_1_314' title='bbox 593 3093 641 3143; x_wconf 87' lang='lat' dir='ltr'><strong>nisi</strong></span> <span class='ocrx_word' id='word_1_315' title='bbox 660 3094 727 3160; x_wconf 92' lang='lat' dir='ltr'><strong>quod</strong></span> <span class='ocrx_word' id='word_1_316' title='bbox 744 3094 825 3145; x_wconf 87' lang='lat' dir='ltr'><strong>hone·</strong></span> <span class='ocrx_word' id='word_1_317' title='bbox 852 3096 960 3158; x_wconf 85' lang='lat' dir='ltr'><strong>lamque</strong></span> <span class='ocrx_word' id='word_1_318' title='bbox 977 3115 992 3146; x_wconf 98' lang='lat' dir='ltr'><strong>a</strong></span> <span class='ocrx_word' id='word_1_319' title='bbox 1008 3114 1060 3163; x_wconf 81' lang='lat' dir='ltr'><strong>req.</strong></span> <span class='ocrx_word' id='word_1_320' title='bbox 1073 3104 1115 3159; x_wconf 84' lang='lat' dir='ltr'><strong>qui</strong></span> <span class='ocrx_word' id='word_1_321' title='bbox 1127 3092 1403 3167; x_wconf 72' lang='lat' dir='ltr'><strong>absorptamessclquol</strong></span> 
     </span>
     <span class='ocr_line' id='line_1_32' title="bbox 255 3162 1403 3232; baseline -0.002 -17"><span class='ocrx_word' id='word_1_322' title='bbox 255 3175 319 3215; x_wconf 81' lang='lat' dir='ltr'><strong>state</strong></span> <span class='ocrx_word' id='word_1_323' title='bbox 337 3172 427 3213; x_wconf 83' lang='lat' dir='ltr'><strong>carcat.</strong></span> <span class='ocrx_word' id='word_1_324' title='bbox 855 3162 928 3212; x_wconf 84' lang='lat' dir='ltr'><strong>lacilc</strong></span> <span class='ocrx_word' id='word_1_325' title='bbox 953 3164 1004 3213; x_wconf 83' lang='lat' dir='ltr'><strong>lieri</strong></span> <span class='ocrx_word' id='word_1_326' title='bbox 1025 3164 1153 3230; x_wconf 82' lang='lat' dir='ltr'><strong>potuisse,</strong></span> <span class='ocrx_word' id='word_1_327' title='bbox 1179 3167 1201 3215; x_wconf 85' lang='lat' dir='ltr'><strong>si</strong></span> <span class='ocrx_word' id='word_1_328' title='bbox 1222 3167 1338 3232; x_wconf 79' lang='lat' dir='ltr'><strong>scriptam</strong></span> <span class='ocrx_word' id='word_1_329' title='bbox 1352 3170 1403 3213; x_wconf 68' lang='lat' dir='ltr'><strong>utel</strong></span> 
     </span>
     <span class='ocr_line' id='line_1_33' title="bbox 307 3227 1402 3293; baseline 0.003 -16"><span class='ocrx_word' id='word_1_330' title='bbox 307 3232 365 3280; x_wconf 76' lang='lat' dir='ltr'><strong>(Ine.</strong></span> <span class='ocrx_word' id='word_1_331' title='bbox 376 3232 483 3278; x_wconf 81' lang='lat' dir='ltr'><strong>XXVII.</strong></span> <span class='ocrx_word' id='word_1_332' title='bbox 504 3232 524 3293; x_wconf 72' lang='lat' dir='ltr'><strong>q.</strong></span> <span class='ocrx_word' id='word_1_333' title='bbox 535 3227 576 3281; x_wconf 70' lang='lat' dir='ltr'><strong>&#39;iti</strong></span> <span class='ocrx_word' id='word_1_334' title='bbox 598 3231 698 3293; x_wconf 71' lang='lat' dir='ltr'><strong>laquem]</strong></span> <span class='ocrx_word' id='word_1_335' title='bbox 727 3229 827 3279; x_wconf 79' lang='lat' dir='ltr'><strong>fallaci·</strong></span> <span class='ocrx_word' id='word_1_336' title='bbox 853 3230 988 3293; x_wconf 74' lang='lat' dir='ltr'><strong>EaQQvtt</strong></span> <span class='ocrx_word' id='word_1_337' title='bbox 999 3266 1016 3291; x_wconf 90' lang='lat'><strong>,-</strong></span> <span class='ocrx_word' id='word_1_338' title='bbox 1032 3242 1086 3281; x_wconf 86' lang='lat' dir='ltr'><strong>tum</strong></span> <span class='ocrx_word' id='word_1_339' title='bbox 1103 3248 1163 3283; x_wconf 81' lang='lat' dir='ltr'><strong>vero</strong></span> <span class='ocrx_word' id='word_1_340' title='bbox 1180 3234 1295 3285; x_wconf 75' lang='lat' dir='ltr'><strong>ramalem</strong></span> <span class='ocrx_word' id='word_1_341' title='bbox 1314 3240 1339 3281; x_wconf 81' lang='lat' dir='ltr'><strong>ant</strong></span> <span class='ocrx_word' id='word_1_342' title='bbox 1352 3231 1402 3280; x_wconf 73' lang='lat' dir='ltr'><strong>irre·</strong></span> 
     </span>
     <span class='ocr_line' id='line_1_34' title="bbox 255 3296 936 3362; baseline -0.003 -17"><span class='ocrx_word' id='word_1_343' title='bbox 255 3298 300 3345; x_wconf 86' lang='lat' dir='ltr'><strong>bus</strong></span> <span class='ocrx_word' id='word_1_344' title='bbox 315 3296 527 3345; x_wconf 82' lang='lat' dir='ltr'><strong>conclusiunculis.</strong></span> <span class='ocrx_word' id='word_1_345' title='bbox 546 3299 621 3345; x_wconf 78' lang='lat' dir='ltr'><strong>blasti·</strong></span> <span class='ocrx_word' id='word_1_346' title='bbox 632 3312 713 3361; x_wconf 87' lang='lat' dir='ltr'><strong>comp.</strong></span> <span class='ocrx_word' id='word_1_347' title='bbox 722 3296 754 3345; x_wconf 84' lang='lat' dir='ltr'><strong>de</strong></span> <span class='ocrx_word' id='word_1_348' title='bbox 763 3297 827 3345; x_wconf 86' lang='lat' dir='ltr'><strong>Fata</strong></span> <span class='ocrx_word' id='word_1_349' title='bbox 851 3296 936 3362; x_wconf 78' lang='lat' dir='ltr'><strong>psisse.</strong></span> 
     </span>
     <span class='ocr_line' id='line_1_35' title="bbox 254 3361 1397 3429; baseline 0 -16"><span class='ocrx_word' id='word_1_350' title='bbox 254 3361 278 3413; x_wconf 78' lang='lat'><strong>4.</strong></span> <span class='ocrx_word' id='word_1_351' title='bbox 297 3363 384 3411; x_wconf 81' lang='lat' dir='ltr'><strong>deor.</strong></span> <span class='ocrx_word' id='word_1_352' title='bbox 404 3364 420 3411; x_wconf 90' lang='grc' dir='ltr'><strong>Ι.</strong></span> <span class='ocrx_word' id='word_1_353' title='bbox 438 3364 475 3423; x_wconf 83' lang='grc'><strong>10,</strong></span> <span class='ocrx_word' id='word_1_354' title='bbox 491 3361 538 3413; x_wconf 72' lang='lat' dir='ltr'><strong>nt:</strong></span> <span class='ocrx_word' id='word_1_355' title='bbox 558 3362 655 3423; x_wconf 85' lang='lat' dir='ltr'><strong>„Stoici</strong></span> <span class='ocrx_word' id='word_1_356' title='bbox 672 3380 730 3412; x_wconf 78' lang='lat' dir='ltr'><strong>vcro</strong></span> <span class='ocrx_word' id='word_1_357' title='bbox 747 3363 826 3413; x_wconf 82' lang='lat' dir='ltr'><strong>nostri</strong></span> <span class='ocrx_word' id='word_1_358' title='bbox 900 3367 1048 3429; x_wconf 65' lang='lat' dir='ltr'><strong>extinctam]</strong></span> <span class='ocrx_word' id='word_1_359' title='bbox 1071 3368 1224 3427; x_wconf 77' lang='lat' dir='ltr'><strong>Wopltcnstus</strong></span> <span class='ocrx_word' id='word_1_360' title='bbox 1239 3362 1397 3419; x_wconf 78' lang='lat' dir='ltr'><strong>Lectt.&#39;1&#39;all.l¹</strong></span> 
     </span>
     <span class='ocr_line' id='line_1_36' title="bbox 254 3430 1396 3497; baseline 0.004 -20"><span class='ocrx_word' id='word_1_361' title='bbox 254 3430 451 3494; x_wconf 82' lang='lat' dir='ltr'><strong>diaputationum</strong></span> <span class='ocrx_word' id='word_1_362' title='bbox 473 3447 573 3479; x_wconf 83' lang='lat' dir='ltr'><strong>surarum</strong></span> <span class='ocrx_word' id='word_1_363' title='bbox 590 3440 667 3497; x_wconf 87' lang='lat' dir='ltr'><strong>atque</strong></span> <span class='ocrx_word' id='word_1_364' title='bbox 683 3430 823 3495; x_wconf 86' lang='lat' dir='ltr'><strong>interroga·</strong></span> <span class='ocrx_word' id='word_1_365' title='bbox 853 3430 891 3481; x_wconf 78' lang='lat' dir='ltr'><strong>lll.</strong></span> <span class='ocrx_word' id='word_1_366' title='bbox 909 3448 933 3495; x_wconf 90' lang='lat' dir='ltr'><strong>p.</strong></span> <span class='ocrx_word' id='word_1_367' title='bbox 950 3432 1003 3482; x_wconf 69' lang='lat' dir='ltr'><strong>lli.</strong></span> <span class='ocrx_word' id='word_1_368' title='bbox 1023 3442 1081 3496; x_wconf 90' lang='lat' dir='ltr'><strong>post</strong></span> <span class='ocrx_word' id='word_1_369' title='bbox 1096 3432 1146 3483; x_wconf 87' lang='lat' dir='ltr'><strong>hoc</strong></span> <span class='ocrx_word' id='word_1_370' title='bbox 1159 3435 1261 3485; x_wconf 88' lang='lat' dir='ltr'><strong>verbum</strong></span> <span class='ocrx_word' id='word_1_371' title='bbox 1278 3430 1396 3483; x_wconf 79' lang='lat' dir='ltr'><strong>nutamin-</strong></span> 
     </span>
     <span class='ocr_line' id='line_1_37' title="bbox 253 3496 1394 3564; baseline -0.003 -21"><span class='ocrx_word' id='word_1_372' title='bbox 253 3496 351 3545; x_wconf 89' lang='lat' dir='ltr'><strong>tionum</strong></span> <span class='ocrx_word' id='word_1_373' title='bbox 372 3496 465 3563; x_wconf 87' lang='lat' dir='ltr'><strong>laqueis</strong></span> <span class='ocrx_word' id='word_1_374' title='bbox 489 3508 515 3547; x_wconf 89' lang='lat' dir='ltr'><strong>te</strong></span> <span class='ocrx_word' id='word_1_375' title='bbox 536 3497 659 3547; x_wconf 87' lang='lat' dir='ltr'><strong>irretitum</strong></span> <span class='ocrx_word' id='word_1_376' title='bbox 684 3503 825 3547; x_wconf 84' lang='lat' dir='ltr'><strong>tenerent.“</strong></span> <span class='ocrx_word' id='word_1_377' title='bbox 851 3498 994 3562; x_wconf 81' lang='lat' dir='ltr'><strong>temogumli</strong></span> <span class='ocrx_word' id='word_1_378' title='bbox 1019 3499 1118 3564; x_wconf 87' lang='lat' dir='ltr'><strong>posuit,</strong></span> <span class='ocrx_word' id='word_1_379' title='bbox 1146 3518 1176 3551; x_wconf 81' lang='lat' dir='ltr'><strong>ea</strong></span> <span class='ocrx_word' id='word_1_380' title='bbox 1198 3502 1289 3551; x_wconf 68' lang='lat' dir='ltr'><strong>scilicet</strong></span> <span class='ocrx_word' id='word_1_381' title='bbox 1307 3498 1394 3551; x_wconf 85' lang='lat' dir='ltr'><strong>ratium,</strong></span> 
     </span>
     <span class='ocr_line' id='line_1_38' title="bbox 253 3559 1396 3630; baseline 0.009 -26"><span class='ocrx_word' id='word_1_382' title='bbox 253 3559 332 3607; x_wconf 82' lang='lat' dir='ltr'><strong>Stoici</strong></span> <span class='ocrx_word' id='word_1_383' title='bbox 343 3560 409 3611; x_wconf 80' lang='lat' dir='ltr'><strong>enim</strong></span> <span class='ocrx_word' id='word_1_384' title='bbox 418 3562 545 3623; x_wconf 83' lang='lat' dir='ltr'><strong>dicebaut,</strong></span> <span class='ocrx_word' id='word_1_385' title='bbox 564 3565 676 3629; x_wconf 87' lang='lat' dir='ltr'><strong>corporis</strong></span> <span class='ocrx_word' id='word_1_386' title='bbox 686 3575 711 3613; x_wconf 88' lang='lat' dir='ltr'><strong>ct</strong></span> <span class='ocrx_word' id='word_1_387' title='bbox 724 3575 825 3614; x_wconf 82' lang='lat' dir='ltr'><strong>externa</strong></span> <span class='ocrx_word' id='word_1_388' title='bbox 850 3582 923 3630; x_wconf 85' lang='lat' dir='ltr'><strong>quam</strong></span> <span class='ocrx_word' id='word_1_389' title='bbox 940 3564 972 3613; x_wconf 91' lang='lat' dir='ltr'><strong>ad</strong></span> <span class='ocrx_word' id='word_1_390' title='bbox 989 3567 1029 3613; x_wconf 85' lang='lat' dir='ltr'><strong>tv.</strong></span> <span class='ocrx_word' id='word_1_391' title='bbox 1043 3566 1091 3623; x_wconf 75' lang='lat'><strong>26,</strong></span> <span class='ocrx_word' id='word_1_392' title='bbox 1105 3566 1149 3619; x_wconf 71' lang='lat' dir='ltr'><strong>ab.</strong></span> <span class='ocrx_word' id='word_1_393' title='bbox 1165 3566 1281 3623; x_wconf 70' lang='lat' dir='ltr'><strong>aidimasr</strong></span> <span class='ocrx_word' id='word_1_394' title='bbox 1302 3562 1341 3615; x_wconf 84' lang='lat' dir='ltr'><strong>sed</strong></span> <span class='ocrx_word' id='word_1_395' title='bbox 1354 3560 1396 3608; x_wconf 88' lang='lat' dir='ltr'><strong>da·</strong></span> 
     </span>
     <span class='ocr_line' id='line_1_39' title="bbox 253 3624 1392 3691; baseline 0.004 -18"><span class='ocrx_word' id='word_1_396' title='bbox 253 3624 320 3673; x_wconf 88' lang='lat' dir='ltr'><strong>bona</strong></span> <span class='ocrx_word' id='word_1_397' title='bbox 336 3624 471 3687; x_wconf 64' lang='lat' dir='ltr'><strong>non-,Boas</strong></span> <span class='ocrx_word' id='word_1_398' title='bbox 487 3646 554 3688; x_wconf 84' lang='lat' dir='ltr'><strong>esse,</strong></span> <span class='ocrx_word' id='word_1_399' title='bbox 574 3632 619 3679; x_wconf 79' lang='lat' dir='ltr'><strong>sed</strong></span> <span class='ocrx_word' id='word_1_400' title='bbox 636 3642 733 3681; x_wconf 86' lang='lat' dir='ltr'><strong>tantum</strong></span> <span class='ocrx_word' id='word_1_401' title='bbox 753 3649 825 3681; x_wconf 90' lang='lat' dir='ltr'><strong>com·</strong></span> <span class='ocrx_word' id='word_1_402' title='bbox 850 3632 920 3691; x_wconf 86' lang='lat' dir='ltr'><strong>bito,</strong></span> <span class='ocrx_word' id='word_1_403' title='bbox 947 3650 1006 3681; x_wconf 91' lang='lat' dir='ltr'><strong>num</strong></span> <span class='ocrx_word' id='word_1_404' title='bbox 1029 3632 1092 3681; x_wconf 88' lang='lat' dir='ltr'><strong>haec</strong></span> <span class='ocrx_word' id='word_1_405' title='bbox 1117 3634 1184 3685; x_wconf 83' lang='lat' dir='ltr'><strong>ratio</strong></span> <span class='ocrx_word' id='word_1_406' title='bbox 1207 3636 1232 3685; x_wconf 89' lang='lat' dir='ltr'><strong>in</strong></span> <span class='ocrx_word' id='word_1_407' title='bbox 1253 3629 1392 3683; x_wconf 78' lang='lat' dir='ltr'><strong>bonaiacum</strong></span> 
     </span>
     <span class='ocr_line' id='line_1_40' title="bbox 251 3680 1390 3765; baseline 0.014 -25"><span class='ocrx_word' id='word_1_408' title='bbox 251 3688 342 3748; x_wconf 88' lang='lat' dir='ltr'><strong>moda,</strong></span> <span class='ocrx_word' id='word_1_409' title='bbox 364 3698 392 3737; x_wconf 86' lang='lat' dir='ltr'><strong>et</strong></span> <span class='ocrx_word' id='word_1_410' title='bbox 408 3680 468 3741; x_wconf 89' lang='lat' dir='ltr'><strong>ideo</strong></span> <span class='ocrx_word' id='word_1_411' title='bbox 483 3694 590 3756; x_wconf 85' lang='lat' dir='ltr'><strong>rapienti</strong></span> <span class='ocrx_word' id='word_1_412' title='bbox 608 3713 659 3744; x_wconf 90' lang='lat' dir='ltr'><strong>non</strong></span> <span class='ocrx_word' id='word_1_413' title='bbox 676 3699 824 3763; x_wconf 83' lang='lat' dir='ltr'><strong>expetenda,</strong></span> <span class='ocrx_word' id='word_1_414' title='bbox 850 3699 961 3765; x_wconf 85' lang='lat' dir='ltr'><strong>quadret.</strong></span> <span class='ocrx_word' id='word_1_415' title='bbox 994 3700 1390 3753; x_wconf 55' lang='lat' dir='ltr'><strong>numerabantur-mett*</strong></span> 
     </span>
     <span class='ocr_line' id='line_1_41' title="bbox 251 3754 1170 3835; baseline 0.013 -28"><span class='ocrx_word' id='word_1_416' title='bbox 251 3754 370 3807; x_wconf 83' lang='lat' dir='ltr'><strong>sumenda</strong></span> <span class='ocrx_word' id='word_1_417' title='bbox 394 3756 536 3835; x_wconf 67' lang='lat' dir='ltr'><strong>(producta,</strong></span> <span class='ocrx_word' id='word_1_418' title='bbox 549 3761 713 3831; x_wconf 48' lang='grc' dir='ltr'><strong>ιπροηγμένα)</strong></span> <span class='ocrx_word' id='word_1_419' title='bbox 732 3774 824 3813; x_wconf 88' lang='lat' dir='ltr'><strong>tamen.</strong></span> <span class='ocrx_word' id='word_1_420' title='bbox 849 3784 913 3815; x_wconf 84' lang='lat' dir='ltr'><strong>nora</strong></span> <span class='ocrx_word' id='word_1_421' title='bbox 933 3766 1029 3816; x_wconf 89' lang='lat' dir='ltr'><strong>orditur</strong></span> <span class='ocrx_word' id='word_1_422' title='bbox 1046 3769 1170 3831; x_wconf 79' lang='lat' dir='ltr'><strong>quaestio.</strong></span> 
     </span>
     <span class='ocr_line' id='line_1_42' title="bbox 252 3824 1393 3899; baseline 0.001 -23"><span class='ocrx_word' id='word_1_423' title='bbox 252 3826 282 3876; x_wconf 81' lang='lat' dir='ltr'><strong>V.</strong></span> <span class='ocrx_word' id='word_1_424' title='bbox 301 3824 426 3875; x_wconf 78' lang='lat' dir='ltr'><strong>narratam</strong></span> <span class='ocrx_word' id='word_1_425' title='bbox 445 3840 471 3872; x_wconf 86' lang='lat' dir='ltr'><strong>ra</strong></span> <span class='ocrx_word' id='word_1_426' title='bbox 490 3840 511 3871; x_wconf 87' lang='lat' dir='ltr'><strong>c.</strong></span> <span class='ocrx_word' id='word_1_427' title='bbox 527 3826 569 3879; x_wconf 89' lang='lat' dir='ltr'><strong>lb,</strong></span> <span class='ocrx_word' id='word_1_428' title='bbox 587 3824 628 3875; x_wconf 72' lang='lat' dir='ltr'><strong>ut.</strong></span> <span class='ocrx_word' id='word_1_429' title='bbox 898 3838 1027 3883; x_wconf 78' lang='lat' dir='ltr'><strong>acerrimus</strong></span> <span class='ocrx_word' id='word_1_430' title='bbox 1039 3838 1122 3884; x_wconf 75' lang='lat' dir='ltr'><strong>virtuti</strong></span> <span class='ocrx_word' id='word_1_431' title='bbox 1133 3830 1284 3899; x_wconf 71' lang='lat' dir='ltr'><strong>numius]</strong></span> <span class='ocrx_word' id='word_1_432' title='bbox 1302 3824 1393 3879; x_wconf 77' lang='lat' dir='ltr'><strong>nttcadt</strong></span> 
     </span>
     <span class='ocr_line' id='line_1_43' title="bbox 302 3890 1392 3968; baseline 0.013 -29"><span class='ocrx_word' id='word_1_433' title='bbox 302 3898 344 3953; x_wconf 92' lang='lat' dir='ltr'><strong>ut,</strong></span> <span class='ocrx_word' id='word_1_434' title='bbox 361 3890 400 3957; x_wconf 84' lang='lat' dir='ltr'><strong>ca]</strong></span> <span class='ocrx_word' id='word_1_435' title='bbox 418 3890 461 3938; x_wconf 82' lang='lat' dir='ltr'><strong>W.</strong></span> <span class='ocrx_word' id='word_1_436' title='bbox 477 3893 519 3939; x_wconf 86' lang='lat' dir='ltr'><strong>Or.</strong></span> <span class='ocrx_word' id='word_1_437' title='bbox 535 3892 597 3939; x_wconf 82' lang='lat' dir='ltr'><strong>llloa.</strong></span> <span class='ocrx_word' id='word_1_438' title='bbox 616 3892 659 3942; x_wconf 90' lang='lat' dir='ltr'><strong>Tr.</strong></span> <span class='ocrx_word' id='word_1_439' title='bbox 676 3892 821 3958; x_wconf 79' lang='lat' dir='ltr'><strong>particulam</strong></span> <span class='ocrx_word' id='word_1_440' title='bbox 847 3896 896 3947; x_wconf 88' lang='lat' dir='ltr'><strong>hoc</strong></span> <span class='ocrx_word' id='word_1_441' title='bbox 914 3900 1067 3965; x_wconf 80' lang='lat' dir='ltr'><strong>exemplum,</strong></span> <span class='ocrx_word' id='word_1_442' title='bbox 1084 3900 1111 3949; x_wconf 90' lang='lat' dir='ltr'><strong>in</strong></span> <span class='ocrx_word' id='word_1_443' title='bbox 1129 3918 1179 3968; x_wconf 91' lang='lat' dir='ltr'><strong>quo</strong></span> <span class='ocrx_word' id='word_1_444' title='bbox 1193 3902 1336 3951; x_wconf 64' lang='lat' dir='ltr'><strong>adum</strong></span> <span class='ocrx_word' id='word_1_445' title='bbox 1351 3906 1392 3945; x_wconf 62' lang='grc' dir='ltr'><strong>Μ</strong></span> 
     </span>
     <span class='ocr_line' id='line_1_44' title="bbox 250 3958 1392 4032; baseline 0.006 -23"><span class='ocrx_word' id='word_1_446' title='bbox 250 3966 276 4009; x_wconf 85' lang='lat' dir='ltr'><strong>ut</strong></span> <span class='ocrx_word' id='word_1_447' title='bbox 294 3959 362 4009; x_wconf 86' lang='lat' dir='ltr'><strong>aneis</strong></span> <span class='ocrx_word' id='word_1_448' title='bbox 378 3968 523 4023; x_wconf 82' lang='lat' dir='ltr'><strong>sepserunt:</strong></span> <span class='ocrx_word' id='word_1_449' title='bbox 548 3958 615 4024; x_wconf 90' lang='lat' dir='ltr'><strong>quod</strong></span> <span class='ocrx_word' id='word_1_450' title='bbox 637 3977 716 4026; x_wconf 88' lang='lat' dir='ltr'><strong>nuper</strong></span> <span class='ocrx_word' id='word_1_451' title='bbox 732 3964 822 4012; x_wconf 83' lang='lat' dir='ltr'><strong>Wesen·</strong></span> <span class='ocrx_word' id='word_1_452' title='bbox 847 3964 971 4015; x_wconf 84' lang='lat' dir='ltr'><strong>adiectivo</strong></span> <span class='ocrx_word' id='word_1_453' title='bbox 991 3966 1135 4031; x_wconf 89' lang='lat' dir='ltr'><strong>copulatum</strong></span> <span class='ocrx_word' id='word_1_454' title='bbox 1157 3968 1266 4017; x_wconf 84' lang='lat' dir='ltr'><strong>datiuum</strong></span> <span class='ocrx_word' id='word_1_455' title='bbox 1287 3980 1331 4032; x_wconf 88' lang='lat' dir='ltr'><strong>pro</strong></span> <span class='ocrx_word' id='word_1_456' title='bbox 1350 3976 1392 4027; x_wconf 64' lang='grc' dir='ltr'><strong>ΒΕ·</strong></span> 
     </span>
     <span class='ocr_line' id='line_1_45' title="bbox 251 4025 1390 4092; baseline 0.011 -20"><span class='ocrx_word' id='word_1_457' title='bbox 251 4028 312 4085; x_wconf 74' lang='lat' dir='ltr'><strong>berg.</strong></span> <span class='ocrx_word' id='word_1_458' title='bbox 329 4028 381 4075; x_wconf 84' lang='lat' dir='ltr'><strong>Em.</strong></span> <span class='ocrx_word' id='word_1_459' title='bbox 400 4028 429 4075; x_wconf 93' lang='lat' dir='ltr'><strong>ll.</strong></span> <span class='ocrx_word' id='word_1_460' title='bbox 447 4044 472 4092; x_wconf 93' lang='lat' dir='ltr'><strong>p.</strong></span> <span class='ocrx_word' id='word_1_461' title='bbox 493 4027 530 4075; x_wconf 72' lang='lat' dir='ltr'><strong>tt.</strong></span> <span class='ocrx_word' id='word_1_462' title='bbox 552 4025 682 4091; x_wconf 63' lang='lat' dir='ltr'><strong>probatica</strong></span> <span class='ocrx_word' id='word_1_463' title='bbox 711 4030 821 4078; x_wconf 81' lang='lat' dir='ltr'><strong>Davisius</strong></span> <span class='ocrx_word' id='word_1_464' title='bbox 847 4032 991 4081; x_wconf 83' lang='lat' dir='ltr'><strong>adiunctum</strong></span> <span class='ocrx_word' id='word_1_465' title='bbox 1015 4033 1097 4083; x_wconf 81' lang='lat' dir='ltr'><strong>habet.</strong></span> <span class='ocrx_word' id='word_1_466' title='bbox 1142 4034 1303 4085; x_wconf 82' lang='lat' dir='ltr'><strong>Probabiliter</strong></span> <span class='ocrx_word' id='word_1_467' title='bbox 1319 4034 1390 4081; x_wconf 64' lang='grc' dir='ltr'><strong>ΨΜ·</strong></span> 
     </span>
     <span class='ocr_line' id='line_1_46' title="bbox 251 4093 1390 4167; baseline 0.015 -31"><span class='ocrx_word' id='word_1_468' title='bbox 251 4106 307 4137; x_wconf 89' lang='lat' dir='ltr'><strong>cum</strong></span> <span class='ocrx_word' id='word_1_469' title='bbox 323 4093 445 4142; x_wconf 85' lang='lat' dir='ltr'><strong>Lambinn</strong></span> <span class='ocrx_word' id='word_1_470' title='bbox 468 4100 494 4142; x_wconf 88' lang='lat' dir='ltr'><strong>at</strong></span> <span class='ocrx_word' id='word_1_471' title='bbox 514 4093 626 4142; x_wconf 78' lang='lat' dir='ltr'><strong>exsulare</strong></span> <span class='ocrx_word' id='word_1_472' title='bbox 642 4095 727 4155; x_wconf 84' lang='lat' dir='ltr'><strong>iussit,</strong></span> <span class='ocrx_word' id='word_1_473' title='bbox 754 4096 821 4161; x_wconf 90' lang='lat' dir='ltr'><strong>quod</strong></span> <span class='ocrx_word' id='word_1_474' title='bbox 847 4102 908 4161; x_wconf 77' lang='lat' dir='ltr'><strong>bcrp.</strong></span> <span class='ocrx_word' id='word_1_475' title='bbox 925 4102 977 4147; x_wconf 81' lang='lat' dir='ltr'><strong>lim.</strong></span> <span class='ocrx_word' id='word_1_476' title='bbox 995 4102 1013 4147; x_wconf 95' lang='lat' dir='ltr'><strong>l.</strong></span> <span class='ocrx_word' id='word_1_477' title='bbox 1030 4098 1104 4163; x_wconf 63' lang='lat'><strong>11:29.</strong></span> <span class='ocrx_word' id='word_1_478' title='bbox 1121 4100 1256 4167; x_wconf 85' lang='lat' dir='ltr'><strong>legendum</strong></span> <span class='ocrx_word' id='word_1_479' title='bbox 1270 4096 1390 4151; x_wconf 61' lang='lat' dir='ltr'><strong>censuri·</strong></span> 
     </span>
     <span class='ocr_line' id='line_1_47' title="bbox 249 4155 1391 4271; baseline 0.015 -69"><span class='ocrx_word' id='word_1_480' title='bbox 249 4155 340 4271; x_wconf 87' lang='lat' dir='ltr'><strong>probat</strong></span> <span class='ocrx_word' id='word_1_481' title='bbox 350 4159 464 4218; x_wconf 87' lang='lat' dir='ltr'><strong>Orellins,</strong></span> <span class='ocrx_word' id='word_1_482' title='bbox 480 4176 554 4225; x_wconf 89' lang='lat' dir='ltr'><strong>quem</strong></span> <span class='ocrx_word' id='word_1_483' title='bbox 567 4160 639 4215; x_wconf 85' lang='lat' dir='ltr'><strong>ride;</strong></span> <span class='ocrx_word' id='word_1_484' title='bbox 657 4178 686 4209; x_wconf 82' lang='lat' dir='ltr'><strong>ea</strong></span> <span class='ocrx_word' id='word_1_485' title='bbox 702 4179 761 4211; x_wconf 78' lang='lat' dir='ltr'><strong>vcro</strong></span> <span class='ocrx_word' id='word_1_486' title='bbox 773 4163 820 4211; x_wconf 85' lang='lat' dir='ltr'><strong>de·</strong></span> <span class='ocrx_word' id='word_1_487' title='bbox 846 4170 909 4226; x_wconf 84' lang='lat' dir='ltr'><strong>tulis,</strong></span> <span class='ocrx_word' id='word_1_488' title='bbox 928 4166 1068 4231; x_wconf 75' lang='lat' dir='ltr'><strong>compoti.</strong></span> <span class='ocrx_word' id='word_1_489' title='bbox 1080 4169 1123 4216; x_wconf 90' lang='lat' dir='ltr'><strong>lll.</strong></span> <span class='ocrx_word' id='word_1_490' title='bbox 1138 4175 1180 4227; x_wconf 69' lang='lat'><strong>¹32,</strong></span> <span class='ocrx_word' id='word_1_491' title='bbox 1197 4174 1243 4219; x_wconf 74' lang='lat' dir='ltr'><strong>att:</strong></span> <span class='ocrx_word' id='word_1_492' title='bbox 1260 4178 1344 4231; x_wconf 70' lang='lat' dir='ltr'><strong>prm</strong></span> <span class='ocrx_word' id='word_1_493' title='bbox 1355 4159 1391 4209; x_wconf 64' lang='lat' dir='ltr'><strong>ll·</strong></span> 
     </span>
     <span class='ocr_line' id='line_1_48' title="bbox 259 4222 1393 4300; baseline 0.015 -29"><span class='ocrx_word' id='word_1_494' title='bbox 259 4231 315 4280; x_wconf 89' lang='lat' dir='ltr'><strong>eta,</strong></span> <span class='ocrx_word' id='word_1_495' title='bbox 334 4222 434 4298; x_wconf 71' lang='lat' dir='ltr'><strong>idmibi</strong></span> <span class='ocrx_word' id='word_1_496' title='bbox 451 4226 549 4275; x_wconf 85' lang='lat' dir='ltr'><strong>uidetur</strong></span> <span class='ocrx_word' id='word_1_497' title='bbox 564 4226 734 4284; x_wconf 75' lang='lat' dir='ltr'><strong>durissimum,</strong></span> <span class='ocrx_word' id='word_1_498' title='bbox 753 4231 820 4293; x_wconf 87' lang='lat' dir='ltr'><strong>qnod</strong></span> <span class='ocrx_word' id='word_1_499' title='bbox 845 4236 976 4281; x_wconf 81' lang='lat' dir='ltr'><strong>versarium</strong></span> <span class='ocrx_word' id='word_1_500' title='bbox 999 4237 1138 4295; x_wconf 76' lang='lat' dir='ltr'><strong>imperit.</strong></span> <span class='ocrx_word' id='word_1_501' title='bbox 1183 4237 1244 4285; x_wconf 81' lang='lat' dir='ltr'><strong>liar.</strong></span> <span class='ocrx_word' id='word_1_502' title='bbox 1257 4250 1315 4300; x_wconf 77' lang='lat' dir='ltr'><strong>resp.</strong></span> <span class='ocrx_word' id='word_1_503' title='bbox 1329 4224 1393 4299; x_wconf 58' lang='lat' dir='ltr'><strong>pb&amp;</strong></span> 
     </span>
     <span class='ocr_line' id='line_1_49' title="bbox 248 4288 1394 4359; baseline 0.016 -21"><span class='ocrx_word' id='word_1_504' title='bbox 248 4288 311 4339; x_wconf 87' lang='lat' dir='ltr'><strong>lroec</strong></span> <span class='ocrx_word' id='word_1_505' title='bbox 326 4288 411 4337; x_wconf 81' lang='lat' dir='ltr'><strong>ultuma</strong></span> <span class='ocrx_word' id='word_1_506' title='bbox 423 4291 562 4341; x_wconf 87' lang='lat' dir='ltr'><strong>enuntiatio</strong></span> <span class='ocrx_word' id='word_1_507' title='bbox 577 4294 646 4343; x_wconf 91' lang='lat' dir='ltr'><strong>nullo</strong></span> <span class='ocrx_word' id='word_1_508' title='bbox 655 4294 754 4342; x_wconf 87' lang='lat' dir='ltr'><strong>vinculo</strong></span> <span class='ocrx_word' id='word_1_509' title='bbox 765 4314 820 4346; x_wconf 89' lang='lat' dir='ltr'><strong>cum</strong></span> <span class='ocrx_word' id='word_1_510' title='bbox 844 4303 985 4349; x_wconf 79' lang='lat' dir='ltr'><strong>acerrimum</strong></span> <span class='ocrx_word' id='word_1_511' title='bbox 995 4304 1015 4349; x_wconf 92' lang='lat' dir='ltr'><strong>ll</strong></span> <span class='ocrx_word' id='word_1_512' title='bbox 1024 4314 1034 4349; x_wconf 80' lang='lat' dir='ltr'><strong>a</strong></span> <span class='ocrx_word' id='word_1_513' title='bbox 1042 4304 1181 4351; x_wconf 80' lang='lat' dir='ltr'><strong>unarclti</strong></span> <span class='ocrx_word' id='word_1_514' title='bbox 1194 4294 1394 4359; x_wconf 59' lang='lat' dir='ltr'><strong>(idmst</strong></span> 
     </span>
     <span class='ocr_line' id='line_1_50' title="bbox 247 4354 1395 4432; baseline 0.014 -27"><span class='ocrx_word' id='word_1_515' title='bbox 247 4354 450 4432; x_wconf 73' lang='lat' dir='ltr'><strong>antecedentibus</strong></span> <span class='ocrx_word' id='word_1_516' title='bbox 483 4360 612 4407; x_wconf 84' lang='lat' dir='ltr'><strong>sententiis</strong></span> <span class='ocrx_word' id='word_1_517' title='bbox 638 4360 754 4425; x_wconf 87' lang='lat' dir='ltr'><strong>copulata</strong></span> <span class='ocrx_word' id='word_1_518' title='bbox 779 4363 819 4414; x_wconf 86' lang='lat' dir='ltr'><strong>sit.</strong></span> <span class='ocrx_word' id='word_1_519' title='bbox 846 4370 867 4413; x_wconf 77' lang='grc' dir='ltr'><strong>Α</strong></span> <span class='ocrx_word' id='word_1_520' title='bbox 882 4365 969 4430; x_wconf 90' lang='lat' dir='ltr'><strong>quibus</strong></span> <span class='ocrx_word' id='word_1_521' title='bbox 986 4367 1105 4432; x_wconf 82' lang='lat' dir='ltr'><strong>exemplis</strong></span> <span class='ocrx_word' id='word_1_522' title='bbox 1122 4368 1289 4419; x_wconf 74' lang='lat' dir='ltr'><strong>discernenda</strong></span> <span class='ocrx_word' id='word_1_523' title='bbox 1303 4375 1395 4421; x_wconf 63' lang='lat' dir='ltr'><strong>suntflr</strong></span> 
     </span>
     <span class='ocr_line' id='line_1_51' title="bbox 247 4420 1396 4500; baseline 0.012 -28"><span class='ocrx_word' id='word_1_524' title='bbox 247 4424 334 4489; x_wconf 82' lang='lat' dir='ltr'><strong>ltaque</strong></span> <span class='ocrx_word' id='word_1_525' title='bbox 360 4437 384 4469; x_wconf 90' lang='lat' dir='ltr'><strong>m</strong></span> <span class='ocrx_word' id='word_1_526' title='bbox 407 4420 446 4469; x_wconf 88' lang='lat' dir='ltr'><strong>ed.</strong></span> <span class='ocrx_word' id='word_1_527' title='bbox 468 4437 506 4487; x_wconf 87' lang='lat' dir='ltr'><strong>pr.</strong></span> <span class='ocrx_word' id='word_1_528' title='bbox 528 4422 660 4488; x_wconf 85' lang='lat' dir='ltr'><strong>legendum</strong></span> <span class='ocrx_word' id='word_1_529' title='bbox 685 4427 817 4491; x_wconf 86' lang='lat' dir='ltr'><strong>putabam:</strong></span> <span class='ocrx_word' id='word_1_530' title='bbox 843 4430 869 4480; x_wconf 88' lang='lat' dir='ltr'><strong>in</strong></span> <span class='ocrx_word' id='word_1_531' title='bbox 892 4432 980 4497; x_wconf 83' lang='lat' dir='ltr'><strong>quibus</strong></span> <span class='ocrx_word' id='word_1_532' title='bbox 997 4434 1096 4483; x_wconf 87' lang='lat' dir='ltr'><strong>dativus</strong></span> <span class='ocrx_word' id='word_1_533' title='bbox 1121 4435 1219 4500; x_wconf 84' lang='lat' dir='ltr'><strong>pendet</strong></span> <span class='ocrx_word' id='word_1_534' title='bbox 1241 4454 1257 4485; x_wconf 83' lang='grc' dir='ltr'>ι</span> <span class='ocrx_word' id='word_1_535' title='bbox 1278 4429 1396 4487; x_wconf 61' lang='lat' dir='ltr'><strong>sentmffl</strong></span> 
     </span>
     <span class='ocr_line' id='line_1_52' title="bbox 246 4490 1395 4566; baseline 0.017 -29"><span class='ocrx_word' id='word_1_536' title='bbox 246 4496 282 4551; x_wconf 84' lang='lat' dir='ltr'><strong>et,</strong></span> <span class='ocrx_word' id='word_1_537' title='bbox 308 4504 336 4539; x_wconf 82' lang='lat' dir='ltr'><strong>ea</strong></span> <span class='ocrx_word' id='word_1_538' title='bbox 351 4492 392 4550; x_wconf 79' lang='lat' dir='ltr'><strong>qur¹</strong></span> <span class='ocrx_word' id='word_1_539' title='bbox 406 4490 505 4549; x_wconf 77' lang='lat' dir='ltr'><strong>adeptus</strong></span> <span class='ocrx_word' id='word_1_540' title='bbox 521 4493 552 4538; x_wconf 86' lang='lat' dir='ltr'><strong>sit</strong></span> <span class='ocrx_word' id='word_1_541' title='bbox 567 4499 643 4549; x_wconf 84' lang='lat' dir='ltr'><strong>cett.;</strong></span> <span class='ocrx_word' id='word_1_542' title='bbox 668 4493 714 4543; x_wconf 78' lang='lat' dir='ltr'><strong>sed</strong></span> <span class='ocrx_word' id='word_1_543' title='bbox 730 4506 818 4562; x_wconf 89' lang='lat' dir='ltr'><strong>postea</strong></span> <span class='ocrx_word' id='word_1_544' title='bbox 844 4497 921 4547; x_wconf 88' lang='lat' dir='ltr'><strong>verbo</strong></span> <span class='ocrx_word' id='word_1_545' title='bbox 937 4499 977 4548; x_wconf 85' lang='lat' dir='ltr'><strong>rel</strong></span> <span class='ocrx_word' id='word_1_546' title='bbox 993 4500 1076 4566; x_wconf 82' lang='lat' dir='ltr'><strong>potina</strong></span> <span class='ocrx_word' id='word_1_547' title='bbox 1093 4517 1124 4551; x_wconf 82' lang='lat' dir='ltr'><strong>ex</strong></span> <span class='ocrx_word' id='word_1_548' title='bbox 1141 4512 1197 4553; x_wconf 78' lang='lat' dir='ltr'><strong>tota</strong></span> <span class='ocrx_word' id='word_1_549' title='bbox 1212 4502 1349 4557; x_wconf 72' lang='lat' dir='ltr'><strong>metentis.</strong></span> <span class='ocrx_word' id='word_1_550' title='bbox 1364 4506 1395 4547; x_wconf 71' lang='lat'><strong>¹⁸²</strong></span> 
     </span>
     <span class='ocr_line' id='line_1_53' title="bbox 245 4554 1399 4638; baseline 0.008 -30"><span class='ocrx_word' id='word_1_551' title='bbox 245 4555 348 4609; x_wconf 85' lang='lat' dir='ltr'><strong>meliora</strong></span> <span class='ocrx_word' id='word_1_552' title='bbox 369 4572 409 4605; x_wconf 90' lang='lat' dir='ltr'><strong>ma</strong></span> <span class='ocrx_word' id='word_1_553' title='bbox 431 4554 534 4605; x_wconf 88' lang='lat' dir='ltr'><strong>edocuit</strong></span> <span class='ocrx_word' id='word_1_554' title='bbox 558 4559 668 4610; x_wconf 85' lang='lat' dir='ltr'><strong>ldcndtas</strong></span> <span class='ocrx_word' id='word_1_555' title='bbox 684 4560 717 4610; x_wconf 86' lang='lat' dir='ltr'><strong>ad</strong></span> <span class='ocrx_word' id='word_1_556' title='bbox 733 4563 819 4630; x_wconf 87' lang='lat' dir='ltr'><strong>Wop-</strong></span> <span class='ocrx_word' id='word_1_557' title='bbox 842 4573 881 4613; x_wconf 80' lang='lat' dir='ltr'><strong>eat</strong></span> <span class='ocrx_word' id='word_1_558' title='bbox 895 4562 955 4614; x_wconf 89' lang='lat' dir='ltr'><strong>mihi</strong></span> <span class='ocrx_word' id='word_1_559' title='bbox 979 4567 1082 4619; x_wconf 81' lang='lat' dir='ltr'><strong>acerbas</strong></span> <span class='ocrx_word' id='word_1_560' title='bbox 1096 4568 1271 4633; x_wconf 77' lang='lat' dir='ltr'><strong>adversarius,</strong></span> <span class='ocrx_word' id='word_1_561' title='bbox 1296 4566 1399 4638; x_wconf 73' lang='lat' dir='ltr'><strong>protum</strong></span> 
     </span>
    </p>
   </div>
   <div class='ocr_carea' id='block_1_7' title="bbox 0 0 1448 5512">
    <p class='ocr_par' dir='ltr' id='par_1_8' title="bbox 0 0 1448 5512">
     <span class='ocr_line' id='line_1_54' title="bbox 0 0 1448 5512; baseline 0 4"><span class='ocrx_word' id='word_1_562' title='bbox 0 0 1448 5512; x_wconf 95' lang='lat' dir='ltr'><strong> </strong></span> 
     </span>
    </p>
   </div>
  </div>
 </body>
</html>
