2888 5512
492 1884 807 1975 PRAEFATIO

364 2050 408 2109 ru
431 2051 646 2125 sonoram
668 2055 932 2116 norrlounu.

568 2306 716 2319 *σαι-...ιι

153 2487 196 2561 In
217 2488 365 2562 curanda
384 2488 444 2562 bac
468 2512 556 2564 nova
575 2491 719 2564 editione
744 2514 846 2585 quum
864 2515 979 2564 omnes
1003 2492 1234 2568 adnotationes

58 2623 237 2719 diligenter
252 2625 447 2715 retractavi,
472 2632 543 2697 tum
559 2625 596 2697 in
612 2624 731 2721 primis
751 2649 819 2715 cas,
846 2649 927 2719 quae
943 2626 979 2698 in
994 2626 1114 2699 horum
1130 2628 1234 2703 libro-

59 2780 137 2831 rum
151 2759 316 2856 scriptura
333 2760 551 2833 examinanda
566 2766 665 2853 atquc
682 2761 912 2833 constituenda
927 2769 1117 2837 versantur.
1161 2765 1233 2857 Qua

60 2892 93 2966 in
118 2894 295 2991 provincia
320 2896 444 2967 tuenda
469 2894 586 2967 eximie
614 2893 746 2966 adiutus
774 2918 848 2967 sum
876 2898 917 2965 A.
938 2897 970 2965 S.
992 2897 1238 2992 Wesenbergii

61 3029 166 3101 tribus
198 3028 346 3120 libellis,
382 3030 501 3122 quibus
535 3028 818 3120 „Emendationes
852 3029 898 3103 n.
923 3031 1027 3104 'l'ultii
1063 3033 1234 3107 Ciceronis

64 3162 329 3236 Tnmnlanarnm
355 3163 695 3260 Disputationumf‘*)
723 3164 947 3240 continentur.
998 3168 1035 3240 Is
1061 3169 1168 3258 enirn,
1202 3177 1235 3239 et
1251 3172 1273 3188 ”

65 3299 223 3372 acerrima
247 3300 369 3371 mentis
402 3299 579 3396 sagacitate
605 3299 776 3394 praeditus
803 3307 837 3372 et
862 3300 1080 3374 Ciceroniana
1105 3301 1236 3371 dicendi

65 3434 302 3507 consuetudine
319 3435 466 3507 imbutus
491 3441 525 3506 ct
542 3433 673 3507 criticae
691 3434 802 3507 sobrie
825 3458 861 3505 ac
879 3434 1064 3527 prudenter
1081 3430 1235 3505 factitan-

66 3568 127 3639 dae
141 3568 375 3661 peritissimus‚
397 3570 438 3641 de
454 3568 721 3641 'tusculanarum
737 3566 919 3639 orationee
936 3566 1102 3639 codicibus
1116 3591 1234 3641 manu-

68 3702 201 3798 scriptis
215 3703 420 3775 restitnenda
432 3702 627 3796 mendisque
641 3701 813 3797 purganda
826 3702 995 3796 praeclare
1015 3709 1068 3775 est
1083 3706 1232 3778 meritus.

70 3835 148 3910 Post
162 3837 319 3910 emissam
332 3837 466 3910 tertiam
489 3837 669 3909 editionem
693 3859 799 3908 meam
814 3835 933 3907 nibila
959 3836 1065 3910 doctis
1090 3838 1234 3913 bomini-

131 4103 155 4167 'i
173 4105 229 4153 Hae
239 4103 428 4154 emendationes
435 4102 463 4154 in
474 4102 553 4155 lucem
565 4102 712 4170 prodierunt
723 4112 781 4153 ante
790 4102 890 4153 tertiam
905 4102 1042 4153 editionem
1053 4121 1134 4154 meam
1145 4106 1234 4172 (primu

76 4202 134 4253 eninr
149 4222 232 4255 earum
244 4203 368 4272 particula
385 4203 487 4270 Viburgi
504 4202 586 4265 1841,
605 4204 682 4253 altera
699 4202 780 4265 1843,
798 4203 874 4252 tertia
889 4202 955 4253 1844
968 4203 1089 4270 prodiit);
1115 4206 1160 4255 sed
1178 4222 1235 4255 sero

79 4301 166 4354 dem
183 4306 209 4355 in
232 4304 367 4356 Gennania
391 4304 567 4365 innotuerunt,
591 4314 666 4371 atque
689 4302 825 4353 secundam
847 4303 1008 4370 particulam,
1031 4305 1055 4353 in
1080 4322 1127 4370 qua
1152 4305 1236 4352 insunt

79 4404 250 4458 mandationes
266 4403 301 4456 ad
316 4404 424 4472 primurn
443 4404 638 4458 Tusculanarum
655 4404 744 4455 tibrum
758 4404 856 4465 iactae,
881 4402 923 4453 diu
940 4405 1031 4453 trustra
1045 4420 1091 4467 per
1111 4402 1237 4454 librariam

79 4504 391 4573 esseniarnrepetitam,
415 4505 518 4557 tandem
534 4506 611 4573 ipsius
631 4505 740 4556 auctoris
765 4504 915 4554 liberalitate
929 4502 1078 4569 impetravi,
1103 4502 1149 4552 sed
1163 4521 1237 4572 quum

81 4602 124 4656 Ἰιι
142 4608 242 4673 primunr
262 4606 455 4658 adnotationum
479 4624 590 4658 mearum
612 4623 690 4673 usque
710 4604 743 4655 ad
765 4603 821 4655 libr.
836 4606 855 4653 1.
881 4622 902 4653 c.
918 4602 961 4653 21.
985 4602 1130 4654 fasciculum
1154 4608 1237 4658 lenam

81 4707 139 4773 typis
153 4707 339 4777 exprimendum
355 4708 552 4759 transmisissem,
587 4709 669 4768 Quare
685 4722 747 4773 qnae
761 4722 837 4771 nsque
853 4703 885 4753 ad
900 4703 968 4752 iilum
984 4703 1065 4753 locum
1083 4724 1113 4756 ex
1127 4709 1238 4760 Wesen-

83 4802 238 4873 hrg'unarnrn
252 4807 458 4861 emendationum
473 4809 592 4875 particula
608 4806 716 4858 secunda
730 4804 855 4855 enatando
872 4815 957 4867 erant,
976 4804 1104 4856 Addendic
1116 4806 1204 4858 adieci.
