2888 5512
513 676 775 729 PROLBGOMRM.
1209 662 1231 727 9

52 798 161 879 dialogi
178 800 296 857 formae
311 797 459 877 specimen
474 797 630 873 exhibent,
652 799 684 857 in
703 819 762 878 qua
778 799 890 875 oratio,
913 801 988 859 artis
1004 801 1114 881 regulis
1131 801 1230 860 minua

51 900 205 976 adstricta,
225 899 352 959 liberius
367 909 512 979 evagatur
525 909 556 959 et
570 910 684 979 gratam
702 902 852 979 quandam¹
864 902 1070 983 negligentiam
1081 902 1229 979 sequitur.

133 1003 169 1061 ln
183 1003 325 1061 omnihus
336 1002 487 1062 Ciceronis
500 1001 537 1060 de
548 1001 740 1081 philosophia
750 1003 872 1083 scriptis
885 1005 949 1064 eius
964 1005 1130 1085 ingenium,
1152 1024 1228 1083 poe-

53 1104 91 1163 ais
104 1104 271 1163 veneribus
286 1104 478 1182 omniumque
493 1103 701 1171 doctrinarum
719 1105 864 1165 varietate
882 1117 913 1165 et
931 1107 1016 1186 copia
1033 1106 1184 1166 excultum
1199 1115 1229 1164 et

53 1202 265 1285 philosophiae
287 1206 455 1265 subtilitate
479 1206 634 1265 subactum
660 1205 783 1284 eiusque
802 1209 940 1267 ubertate
965 1209 1113 1267 nutritum
1137 1227 1227 1286 prae-

56 1306 132 1365 clare
156 1308 306 1366 enitescit.
348 1309 466 1367 Etenim
484 1308 518 1365 in
538 1307 753 1386 coniungendis
771 1310 872 1368 sobrie
891 1310 1100 1387 moderateque
1121 1309 1230 1368 orandi

54 1411 222 1489 praeceptis
247 1430 314 1469 cum
337 1408 544 1488 philosophiae
565 1409 712 1486 gravitate
733 1419 824 1487 atque
850 1413 1009 1470 severitate
1030 1409 1231 1469 admirabilem

55 1510 204 1586 quandam
221 1521 316 1569 artem
335 1511 487 1590 probavit.
530 1511 613 1569 lnter
630 1511 778 1589 publicam
798 1513 875 1571 enim
896 1513 1094 1590 eloquentiam
1110 1521 1139 1570 et
1156 1531 1231 1570 oon-

31 1613 162 1671 -tritum
185 1613 409 1691 vulgaremque,
438 1623 528 1690 atque
552 1613 692 1671 tetricum
714 1635 749 1672 ac
772 1614 921 1673 difficilem
948 1634 1113 1673 sermonem
1139 1632 1231 1691 quum

56 1731 172 1791 suuper
191 1714 321 1772 medium
340 1723 441 1773 tenere
460 1713 626 1787 studuerit,
653 1715 807 1792 aequabile
823 1716 973 1794 quoddam
991 1726 1020 1775 et
1038 1725 1232 1794 teutperatum

56 1813 255 1892 quietumque
276 1816 390 1873 exstitit
410 1815 558 1875 orationis
584 1836 686 1894 genus.
730 1817 842 1875 Verum
861 1818 917 1876 etsi
942 1818 1105 1892 maximam
1120 1828 1232 1894 partem

57 1913 89 1972 iu
106 1913 321 1993 philosophiae
333 1916 592 1995 disquisitionibus
611 1916 674 1975 eius
689 1937 786 1976 sermo
798 1917 910 1996 placidi
925 1917 1057 1975 fluminis
1071 1917 1166 1975 instar
1179 1918 1233 1976 de·

58 2016 171 2090 currit,
192 2036 307 2096 smper
315 2027 413 2077 umen
426 2018 592 2096 prudenter
609 2018 711 2076 stilum
727 2019 766 2076 ad
783 2019 828 2078 rei
847 2038 935 2098 quarn
951 2019 1150 2098 pertractavit
1167 2039 1232 2076 mo-

56 2127 191 2177 mentum
215 2121 393 2198 composuit.
435 2120 469 2178 ln
498 2119 708 2179 subtilioribus
737 2121 814 2179 enim
839 2120 1019 2200 argumentis
1048 2120 1233 2199 exponendis

56 2221 155 2278 oratio
167 2221 232 2278 sere
246 2240 323 2299 pura
339 2232 385 2281 est
398 2230 488 2299 atqua
502 2220 644 2297 dilucida,
666 2222 757 2281 nullis
770 2222 914 2281 adhibitis
926 2223 1071 2281 sermonis
1086 2223 1232 2282 illecebris

57 2341 89 2379 ac
113 2321 288 2398 lenociniis5
317 2343 409 2400 quum
432 2333 529 2381 autem
555 2322 591 2380 de
615 2324 703 2382 rebus
730 2323 959 2402 grandioribus,
988 2323 1035 2384 uti
1060 2323 1098 2382 de
1124 2323 1233 2383 divino

57 2424 180 2483 numine
193 2424 319 2502 eiusque
331 2424 508 2499 virtutibus,
530 2424 568 2482 de
580 2423 684 2482 mundi
695 2423 933 2503 pulchritudine,
955 2424 1062 2480 ordine
1077 2432 1166 2498 atque
1179 2445 1232 2481 or-

56 2536 147 2598 natu,
169 2525 208 2584 de
220 2525 342 2584 moralis
360 2525 516 2584 doctrinae
532 2525 712 2603 gravissimis
729 2525 913 2602 argumentis
928 2524 1020 2583 verba
1039 2523 1125 2596 lacit,
1146 2533 1235 2601 atque

58 2627 141 2705 ipsae
155 2646 205 2685 res
219 2628 312 2687 verba
328 2626 468 2706 rapiunt,
488 2636 554 2685 tum
570 2626 672 2685 oratio
686 2627 861 2685 sublimiore
877 2626 961 2705 quasi
976 2625 1087 2703 spiritu
1102 2627 1236 2706 exsurgit

59 2737 91 2787 et
104 2748 220 2787 sumam
235 2728 361 2788 Romani
377 2727 520 2786 sermonis
531 2727 691 2807 splendore
704 2749 739 2788 ac
750 2731 914 2804 maiestate,
932 2738 966 2803 ¹et
980 2726 1145 2788 beatissima
1156 2748 1234 2806 qua-

59 2830 127 2890 dam
149 2830 264 2911 ingenii
285 2830 424 2890 ubertate
444 2828 589 2908 elucet⁸).

353 2992 412 3058 tx.
459 2994 512 3060 De
532 2997 652 3061 critica
677 2995 945 3062 llumdusmrum.
1231 2941 1257 2993 ο

142 3138 185 3195 us
203 3135 311 3195 critica
329 3135 439 3195 horum
456 3135 605 3195 librorum
624 3145 692 3216 post
709 3137 898 3213 tantinum,
929 3137 1110 3213 Rentleiuru,
1141 3136 1235 3195 llari-

61 3239 149 3312 siam,
178 3237 317 3298 homines
330 3246 361 3297 et
376 3237 590 3298 eruditissimos
605 3246 634 3297 et
654 3239 852 3316 acutissimos,
881 3241 992 3319 optime
1006 3247 1184 3297 meruerunt
1201 3239 1235 3292 F.

27 3374 30 3379 ·
60 3341 103 3403 A.
116 3341 259 3420 Wolfius
274 3348 306 3399 et
321 3339 390 3399 LO.
405 3340 551 3400 Orellirsa.
595 3340 692 3413 Quam
707 3341 787 3400 viam
803 3342 835 3399 iu
852 3339 1061 3400 constituenda
1084 3337 1238 3412 scriptura

60 3441 220 3501 institisset
238 3440 380 3516 wolfius,
410 3439 527 3519 ipsein
552 3442 737 3521 praelatione
760 3442 797 3500 ad
820 3441 1018 3512 Tusculanas,
1046 3459 1063 3495 a
1083 3456 1115 3494 se
1136 3434 1238 3512 editas,

61 3544 218 3621 exposuit.
258 3543 387 3602 Orellius
405 3542 504 3601 Wolfii
528 3542 661 3621 vestigiis
681 3542 807 3615 institit,
835 3550 872 3599 ut
892 3550 990 3598 tanren
1013 3560 1046 3598 ea
1067 3560 1129 3599 nou
1151 3539 1240 3598 anxie

60 3652 223 3724 memoret,
245 3645 304 3718 sed,
321 3664 409 3704 suum
422 3644 486 3724 ipse
500 3654 622 3704 secutus
637 3643 799 3718 iudicium,
820 3642 923 3701 multis
940 3642 1014 3702 locis
1030 3643 1067 3700 ab
1082 3641 1124 3700 eis
1139 3639 1237 3699 disca·

62 3744 155 3806 deret:
202 3746 324 3805 Praeter
344 3755 406 3804 tres
427 3747 545 3805 codices
570 3745 789 3822 manuscriptos
811 3745 957 3824 plurimos
980 3745 1031 3822 qui
1047 3745 1104 3802 suh
1121 3763 1238 3801 corisum

63 3849 165 3907 venire
181 3857 312 3928 possunt
328 3847 422 3907 libros
440 3848 538 3907 editus
560 3846 747 3925 comparavit
767 3855 857 3923 atque
873 3847 904 3905 in
923 3846 981 3906 hoc
997 3844 1113 3904 difficili
1129 3855 1157 3903 et
1172 3866 1238 3903 mo·

64 3949 134 4009 leato
151 3950 278 4028 negotio
297 3959 381 4009 tauta
397 3959 471 4009 cura
487 3960 577 4028 atque
594 3949 748 4028 diligentia
764 3959 900 4008 versatus
916 3959 974 4024 est,
1002 3956 1113 4026 quanta
1127 3966 1239 4021 eorum,

66 4052 113 4128 qui
129 4061 285 4111 antaeum
302 4051 336 4110 in
354 4050 402 4111 his
424 4052 511 4111 libris
528 4052 632 4110 critica
648 4052 714 4109 luce
734 4051 918 4111 illustrandis
936 4070 1057 4130 operam
1076 4068 1158 4107 suam
1174 4048 1239 4106 col-

66 4152 256 4227 locaverant,
285 4173 381 4212 nemo.
427 4154 485 4212 Nee
503 4174 614 4232 paucos
631 4153 730 4226 locos,
764 4153 830 4230 qui,
862 4173 954 4230 quum
973 4172 1076 4211 eorum
1095 4149 1239 4209 sententia

67 4255 248 4324 reconditior
262 4265 337 4315 esset
354 4275 409 4314 neo
426 4255 576 4314 communi
593 4253 803 4333 intelligentiae
820 4264 951 4333 pateret,
973 4254 1009 4312 ah
1026 4252 1125 4311 doctis
1141 4247 1242 4306 horni-

70 4354 153 4413 nibus
168 4366 278 4416 tenere
297 4358 346 4416 vel
365 4357 543 4416 coniecturis
561 4356 667 4415 tentati
684 4367 713 4415 et
728 4357 897 4430 sollicitati,
925 4356 975 4415 vel
994 4356 1067 4412 adeo
1093 4361 1126 4409 ut
1144 4348 1242 4426 spurii

69 4455 153 4533 plane
175 4458 329 4519 exturbati
352 4468 439 4533 sunt,
468 4458 619 4537 ingeniosa
642 4479 676 4516 au
697 4458 786 4517 docta
810 4458 1009 4538 explicatione
1032 4449 1197 4511 vindicavit
1215 4462 1244 4510 et

73 4559 208 4619 retinnit.

112 4719 116 4726 ,
151 4661 220 4721 Post
236 4660 386 4721 Orellium
401 4660 579 4720 Reinoldus
595 4664 737 4720 Klotzius
746 4704 756 4730 ,
784 4665 940 4739 Georgius
955 4663 1112 4718 linuit-us·
1132 4658 1245 4722 ‚iissem

80 4762 189 4821 tauma
202 4766 413 4856 {lagerppius
437 4764 570 4843 'llvgder
586 4764 625 4822 ad
641 4764 823 4822 Tusculanas
843 4763 946 4822 critica
962 4765 1079 4822 ratione
1095 4759 1244 4835 castigan-

83 4856 126 4919 ἆυ
149 4872 236 4943 atque
263 4866 462 4925 emendandas
487 4885 607 4944 operam
634 4887 716 4924 suam
741 4866 937 4925 corstulerunt
958 4876 988 4925 et
1018 4861 1130 4943 partim
1161 4857 1248 4916 ¹¹0vl³

142 4992 213 5060 dlv.
228 4996 322 5048 librum
339 4997 434 5053 dictum
451 5001 480 5049 de
498 5001 615 5049 Cieoeout'a
632 5001 657 5048 lu
671 5000 756 5060 nutus.
774 5012 832 5049 mer.
850 5014 875 5064 p.
891 4996 926 5051 83
937 5012 991 5062 sqq.
