2888 5512
398 701 584 752 PRAEFATIO
604 701 637 749 ΙΝ
656 700 811 751 Tanarum
832 703 1027 754 ascalonam.
1238 697 1305 756 llll(

121 841 232 949 ¹'allero
252 839 365 912 collati
386 845 467 911 sunt
487 838 636 911 codicum
654 840 734 932 quin
753 839 865 912 nullus
881 840 1098 937 archetypum
1117 850 1303 921 censendus

124 964 190 1068 nt,
213 977 273 1051 vix
289 999 328 1048 ac
347 999 390 1046 nc
408 974 464 1049 vix
483 975 616 1067 quidem
642 975 786 1046 dubitari
803 982 925 1070 potest
976 977 1054 1073 lpse
1082 979 1138 1051 ille
1159 983 1302 1079 Regius,

137 1136 226 1207 quem
259 1111 370 1208 primo
408 1109 481 1182 loco
516 1109 781 1198 nominavimus,
823 1111 975 1203 quamvis
1009 1113 1194 1190 iustissimo
1228 1119 1301 1194 iure

140 1250 274 1320 omnium
293 1248 451 1342 princeps
471 1245 646 1334 habeatur,
673 1245 788 1317 multis
807 1251 917 1318 tamur
931 1248 1060 1321 mendis
1079 1257 1112 1321 ct
1129 1261 1303 1349 cormpte-

137 1383 185 1473 lis,
204 1385 316 1476 eisque
332 1406 401 1454 non
420 1380 563 1471 leuibus,
583 1380 643 1452 scd
662 1403 760 1474 saepe
779 1364 1000 1475 gravissimis,
1026 1384 1165 1458 laborat
1209 1388 1302 1462 Idem

137 1520 339 1591 sumendum
359 1524 411 1589 cst
432 1518 472 1588 cle
490 1515 630 1610 reliquis
647 1539 731 1608 quos
748 1518 847 1589 modo
866 1518 1106 1613 appellavimus
1124 1523 1300 1598 codicibus.

139 1653 255 1726 llonlra
271 1678 342 1726 non
360 1651 473 1747 paucis
496 1650 597 1740 locis,
631 1651 667 1723 in
688 1652 807 1744 oucibus
826 1652 860 1725 hi
878 1661 991 1749 aperte
1018 1664 1193 1752 corruptas
1217 1660 1301 1732 scri-

137 1795 245 1883 pturas
257 1787 427 1860 mordicus
440 1792 568 1875 teuent,
594 1786 626 1857 ei
640 1787 781 1875 codices,
807 1812 892 1880 quos
908 1789 1110 1863 deteriorum
1118 1796 1152 1885 *)
1169 1797 1301 1866 nomine

138 1923 294 2017 complexi
311 1945 441 2010 sumus,
466 1943 658 2016 germanam
676 1919 848 1992 Ciceronis
868 1922 1053 1994 orationem
1071 1904 1301 2003 servaverunt..

230 2057 315 2129 Post
333 2054 495 2130 Orellium
514 2057 553 2128 dc
572 2055 685 2127 critica
712 2053 830 2126 horum
850 2055 1012 2130 librorum
1031 2060 1160 2132 ratione
1178 2064 1300 2158 optime

136 2193 239 2266 meriti
255 2199 335 2265 aunt
352 2185 554 2259 Reruoldus
570 2187 755 2272 Klaseas,
784 2191 959 2283 Georgius
979 2194 1154 2264 Henricus
1169 2199 1299 2282 Moser,

135 2325 267 2397 Paulus
283 2326 515 2420 Hageruprirs
537 2322 709 2418 Tregder,
736 2325 873 2418 Dauus,
900 2353 1042 2420 quorum
1056 2332 1210 2405 uirorum
1227 2342 1300 2408 stu-

135 2463 191 2536 liis
216 2464 270 2537 ria
295 2463 337 2535 acl
360 2462 545 2556 scripturae
572 2461 836 2534 emendationem
860 2463 993 2556 egregie
1016 2471 1225 2557 praestructa
1250 2476 1302 2540 cst

134 2600 226 2691 uque
250 2598 471 2693 praemunita.

230 2733 269 2806 Si
285 2733 399 2806 critica
416 2734 457 2805 in·
469 2732 669 2805 Tusculanis
685 2733 791 2805 multo
807 2756 894 2804 nunc
907 2733 1055 2806 firmiore
1073 2736 1175 2831 pede,
1203 2761 1300 2829 quam

132 2877 240 2959 antea,
274 2868 430 2941 incedere
447 2874 578 2963 potesta
603 2869 639 2939 ld
652 2868 690 2940 in
708 2868 827 2962 primis
846 2869 983 2941 sunniae
1004 2869 1142 2939 Moneri
1158 2872 1300 2968 diligen-

133 3004 188 3077 t'ac
207 3011 308 3098 atquc
325 3003 511 3076 industriae
529 3011 697 3098 acceptum
715 3003 927 3075 referendum
942 3011 1004 3076 est.
1059 3005 1120 3078 vir
1135 3008 1222 3079 enim
1239 3008 1300 3080 do-

133 3140 296 3213 ctissimus
311 3162 383 3211 non
397 3140 496 3211 modo
515 3139 702 3233 complures
720 3162 828 3212 novos
847 3141 976 3213 codices
991 3142 1247 3235 manuscriptos,
1264 3143 1301 3214 in

134 3275 248 3366 unlus
265 3279 320 3347 est
341 3274 649 3369 praestantissimus
669 3274 843 3347 Gudianus
867 3275 1014 3370 primus,
1046 3276 1105 3346 secl
1127 3276 1226 3344 etiam
1247 3276 1301 3344 in-

133 3418 257 3503 gentem
281 3409 465 3480 culitionnm
492 3416 640 3481 veterum
663 3409 909 3481 multitudinem
931 3409 986 3480 vel
1005 3409 1076 3501 ipse
1100 3409 1304 3501 comparavit
1357 3490 1360 3495 ¹

135 3545 185 3615 rel
209 3567 269 3636 per
294 3544 377 3616 alios
401 3546 653 3639 comparandam
679 3543 808 3616 curavit
834 3543 1082 3635 scripturaeque
1108 3530 1302 3615 uarietatem

137 3677 294 3772 singulari
309 3680 449 3770 quadam
466 3703 543 3752 cura
560 3679 719 3752 enotavit.
773 3678 848 3749 Huc
866 3676 1001 3767 accedit,
1028 3679 1116 3770 quod
1131 3678 1216 3774 ipse,
1245 3677 1301 3751 Gi-

137 3813 297 3885 ceroniani
311 3816 477 3886 sermonis
490 3815 711 3910 gnarissimus
725 3820 758 3885 et
773 3815 813 3883 ab
828 3813 920 3885 omni
934 3813 1119 3886 temeritate
1135 3815 1301 3886 alienissi-

141 3969 221 4037 mus,
247 3949 396 4021 criticam
411 3951 524 4022 sobrio
541 3950 661 4021 iudicio
681 3957 714 4021 et
728 3973 845 4044 magna
863 3971 935 4021 cum
955 3950 1107 4021 cautione
1121 3948 1302 4039 factitavit3

142 4102 190 4154 occ
203 4084 349 4156 dubitari
365 4091 496 4178 potest,
530 4086 612 4177 quin
631 4086 735 4156 multo
761 4084 912 4179 pluribus
932 4084 1016 4157 locis
1036 4084 1206 4158 Ciceronis
1226 4110 1303 4158 ora-

143 4214 253 4290 tionem
276 4218 537 4318 emendatiorem
560 4226 594 4290 ct
617 4220 861 4314 castigatiorem
890 4220 1096 4293 exhibiturus
1120 4219 1241 4306 luerit,
1274 4220 1303 4289 si

145 4351 257 4444 nium,
283 4356 486 4427 uerecundia
502 4357 642 4448 quadam
660 4356 870 4449 superiorum
894 4357 1060 4427 editorum
1079 4352 1302 4449 praepeditum,

142 4480 248 4560 loram
274 4490 447 4578 uirorum,
482 4515 579 4583 quam
605 4491 752 4562 codicum
779 4513 916 4563 suorum
943 4490 1130 4562 auctoritati
1168 4490 1305 4583 obsequi

143 4620 311 4697 munseo.

203 4927 222 4987 'l
240 4930 271 4977 V.
291 4946 338 4979 nos
353 4929 380 4978 in
399 4927 529 4993 l'rolvgom
555 4945 578 4992 p.
596 4928 632 4976 ll.
