2946 5550
615 720 875 777 ruotruourns.
1296 710 1339 781 tu

231 851 264 925 a)
289 849 450 907 Sententia
467 847 698 925 Epicureorum.
742 848 893 926 Epicurus
909 848 1001 925 dicit,¹
1022 868 1123 910 onmes
1145 850 1178 911 in
1193 852 1332 931 aegritu·

147 950 220 1011 dine
236 968 320 1024 ease,
347 945 403 1027 qai
419 965 451 1007 ae
471 948 503 1006 in
518 946 604 1007 malis
618 967 681 1008 esse
695 950 900 1022 arbitrentur,
921 950 985 1009 sive
1000 951 1052 1009 iila
1074 962 1144 1012 ante
1160 953 1282 1031 provisa
1300 963 1331 1014 et

147 1061 320 1133 exspectata
332 1051 409 1124 siut,
431 1051 495 1108 eive
508 1049 760 1128 inveteraverint3
782 1069 849 1109 nam
864 1071 961 1129 neque
973 1062 1124 1114 vetustate
1137 1055 1233 1112 minui
1245 1055 1329 1130 mela,

149 1175 203 1214 nec
219 1152 286 1213 fieri
299 1151 514 1231 praemeditata
526 1151 656 1229 lariora5
676 1153 857 1230 stultamque
869 1153 956 1212 etiarn
971 1173 1033 1213 esse
1044 1155 1264 1215 meditationem
1277 1158 1329 1215 fu-

147 1256 214 1315 turi
229 1254 301 1314 mali
320 1264 374 1314 aut
398 1254 526 1332 tortam
546 1273 584 1312 ne
607 1254 705 1315 futuri
725 1255 860 1333 quidem;
887 1257 958 1316 satis
978 1275 1039 1315 esee
1060 1258 1200 1317 odiosum
1219 1258 1328 1316 malum

148 1378 251 1433 etune,
273 1377 368 1435 quum
381 1354 519 1415 evenerit
524 1376 534 1430 3
561 1356 617 1434 qui
632 1366 730 1414 autem
746 1375 860 1436 semper
877 1357 1069 1436 cogitaverit,
1091 1360 1225 1418 accidere
1240 1377 1329 1437 potae

147 1460 267 1538 aliquid
282 1457 417 1532 adversi,
445 1457 473 1515 ei
488 1455 555 1514 fieri
577 1456 654 1516 iilud
671 1458 883 1536 sempiternum
906 1459 1031 1535 malum3
1057 1461 1171 1520 sivero
1188 1480 1225 1519 ne
1240 1461 1328 1518 futu-

146 1576 218 1620 rum
237 1559 358 1640 quidem
380 1559 436 1634 eit,
464 1559 579 1617 trustra
598 1558 710 1637 suscipi
735 1559 882 1619 miseriam
903 1561 1124 1638 voluntariam
1153 1561 1194 1619 ita
1216 1550 1330 1638 semer

146 1662 220 1741 angi
239 1672 293 1722 aut
313 1660 490 1740 accipiendo
511 1669 564 1717 aut
585 1659 746 1738 cogitando
768 1661 856 1719 melo.
875 1659 908 1741 §.
924 1669 975 1722 52.
1017 1664 1209 1723 Levationem
1230 1671 1328 1722 autem

147 1762 349 1841 aegritudinis
369 1762 458 1842 ponit
471 1761 503 1820 in
522 1760 697 1821 avocatione
715 1782 730 1819 a
749 1762 909 1841 cogitanda
930 1764 1064 1824 molestia
1081 1765 1328 1825 et'ravocatione

148 1864 188 1922 ad
211 1864 455 1942 contemplandae
473 1862 656 1942 voluptates.
677 1849 709 1942 ς.
724 1867 776 1922 tt.

237 1965 301 2023 Hae
318 1965 441 2044 Epicuri
454 1964 615 2025 sententias
630 1963 764 2024 refellere
778 1975 908 2024 conatur
925 1966 1040 2025 Cicero.
1084 1964 1118 2047 a)
1131 1965 1262 2025 Primum
1276 1983 1326 2023 ra-

147 2065 316 2146 prehendit
329 2064 509 2144 Epicureos,
534 2067 617 2143 quod
635 2065 927 2153 praemeditationem
942 2087 1044 2128 rerum
1061 2066 1325 2127 futurarumreii-

146 2170 241 2228 ciant.
262 2196 305 2210 -
346 2163 378 2245 β)
403 2167 517 2225 Deinde
531 2167 677 2241 ostendit,
697 2168 919 2228 revocationem
936 2170 1046 2228 illama
1064 2169 1242 2229 contuendis
1260 2188 1324 2227 ma-

145 2269 185 2330 lis
205 2279 314 2329 contra
335 2277 473 2339 naturam
495 2286 567 2327 esee.
586 2288 613 2327 c.
631 2273 682 2329 to.
699 2298 745 2312 -·
786 2267 817 2348 γ)
838 2269 970 2349 Denique
991 2273 1116 2350 probat,
1144 2290 1233 2350 quam
1251 2288 1324 2350 per-

143 2391 268 2432 versum
282 2369 339 2444 ait,
365 2369 449 2448 quod
467 2369 607 2449 Epicurei
629 2370 823 2450 cogitationes
841 2373 921 2447 mus,
947 2373 1001 2449 qui
1016 2382 1170 2451 prematur
1189 2373 1323 2450 aegritu·
1378 2392 1385 2400 ·

144 2474 234 2547 dine,
261 2492 324 2531 non
340 2471 379 2530 ad
392 2471 483 2531 animi
498 2472 575 2531 bona
584 2516 593 2547 ,
621 2471 768 2548 virtutes,
797 2473 848 2532 sed
862 2473 900 2531 ad
917 2474 1054 2552 corporis
1070 2474 1240 2552 voluptates
1255 2482 1322 2530 tra·

144 2575 272 2637 duoent.
293 2593 320 2633 e.
340 2577 492 2635 tt-ts.
535 2572 631 2633 Porro
650 2585 758 2633 contra
775 2573 992 2652 condisputat,
1021 2575 1073 2651 qui
1087 2574 1252 2653 Epicurum
1269 2571 1324 2631 de-

145 2677 289 2751 fendant,
309 2674 456 2750 diceutes,
477 2675 607 2754 primum
626 2694 722 2735 inores
737 2677 799 2735 eius
813 2695 875 2736 esse
887 2676 1034 2755 integros,
1056 2676 1125 2735 dein
1139 2675 1324 2754 voluptatem

145 2777 276 2858 Epicuri
292 2796 426 2855 essetnec
440 2762 559 2846 dolere,
581 2777 710 2855 denique
725 2797 812 2857 saepe
826 2797 893 2837 eum
909 2778 1033 2836 laudare
1051 2776 1205 2836 virtutem.
1226 2796 1253 2834 c.
1270 2780 1323 2835 90.

96 2878 99 2890 ’
145 2880 333 2939 Postremum
349 2897 381 2936 se
396 2887 533 2950 excusat,
555 2879 638 2956 quod
652 2899 740 2958 saepe
757 2880 920 2959 Epicureos
934 2879 1134 2959 aggrediatur.
1158 2899 1184 2936 c.
1199 2883 1251 2937 91.

230 2982 262 3057 b)
289 2983 447 3040 Sententia
464 2980 710 3056 Cyrenaicorum.
748 2981 878 3040 Primum
891 2984 1055 3060 repetitae,
1077 2980 1323 3059 quatiatuauprtt

145 3082 249 3161 paucis
267 3081 498 3160 perstrinxerat.
540 3081 683 3140 Concedit
703 3083 796 3156 enim,
824 3083 1040 3163 aegritudinem
1056 3084 1166 3162 partim
1182 3080 1324 3141 exsistere

146 3203 180 3243 ex
199 3183 282 3242 mato
296 3182 502 3260 inexspectato
516 3191 545 3241 et
561 3183 755 3261 necopinato,
777 3193 822 3258 et,
843 3184 925 3262 quod
940 3184 1096 3264 provisum
1112 3193 1182 3244 ante
1197 3202 1259 3241 non
1274 3181 1323 3255 sit,

147 3283 177 3343 id
190 3285 282 3344 ferire
296 3283 514 3359 vehementius,
535 3283 585 3342 sed
602 3294 703 3363 negat,
725 3304 786 3344 eeee
799 3287 830 3344 in
845 3286 903 3345 boc
920 3287 1032 3361 omnis,
1054 3286 1213 3363 additque,
1235 3284 1260 3342 ai
1272 3282 1322 3341 di-

96 3380 100 3433 ²¹
148 3386 274 3466 ligeuter
291 3385 540 3464 necopinatorum
553 3396 691 3444 naturam
702 3388 887 3462 consideres,
908 3387 1049 3464 intelligi,
1070 3405 1133 3443 non
1147 3384 1246 3443 subita
1258 3368 1325 3458 ipat

96 3476 98 3497 '
148 3487 240 3567 magia
255 3487 454 3563 conturbare,
483 3485 550 3562 sed,
577 3487 660 3565 quod
680 3489 779 3553 omnia
797 3488 897 3546 subita
918 3486 1031 3545 maiora
1049 3483 1227 3557 rideantur,
1254 3481 1323 3561 pri-

150 3608 251 3662 mum,
269 3589 366 3665 quod,
394 3598 507 3665 quanta
523 3589 583 3648 aiut
603 3608 679 3666 quae
698 3589 855 3662 accidunt,
883 3584 1095 3645 considerandi
1115 3583 1244 3662 spatium
1260 3602 1324 3642 non

149 3689 259 3765 detur,
278 3688 402 3764 deiude,
424 3688 524 3767 quod,
545 3710 636 3767 quum
657 3690 796 3751 videatur
810 3688 983 3768 praecaveri
1001 3685 1150 3767 potuisse,
1171 3686 1196 3744 si
1215 3682 1325 3765 proviff

96 3810 100 3823 ¹
149 3811 216 3850 aum
233 3800 324 3867 esset,
344 3792 430 3869 qussi
448 3790 536 3870 culpa
552 3801 740 3850 contractum
758 3792 866 3850 mulum
885 3788 1101 3870 aegritudinem
1118 3787 1263 3848 tenorem
1277 3788 1324 3847 se·

150 3893 217 3952 ciat.
264 3892 357 3965 Quod
370 3893 412 3951 ita
427 3912 496 3966 esse,
517 3893 663 3973 temporis
678 3892 865 3953 diuturnitas
881 3892 1028 3965 declarat,
1049 3910 1125 3968 quae
1140 3890 1184 3949 ita
1199 3886 1325 3968 mitigat,

151 4006 199 4070 ut,
225 3995 338 4054 deden
356 3995 440 4053 malie
456 3996 658 4069 manentibus,
687 4016 748 4053 non
771 3995 861 4052 modo
879 3993 1010 4052 leniatur
1027 3990 1198 4071 aegritudo,
1225 3990 1325 4049 sedin

149 4097 302 4177 plerisque
319 4096 512 4156 telletum-
554 4095 694 4175 Exempla
715 4095 900 4170 afferuntur,
922 4097 1032 4173 quibus
1047 4093 1192 4154 sententia
1209 4111 1324 4171 propo-

149 4200 206 4258 sita
226 4197 393 4258 stabilitur.
413 4218 439 4258 c.
458 4205 510 4258 99.

233 4299 389 4372 Quoniam
404 4301 509 4360 Cicero
529 4299 650 4374 docuit,
674 4307 820 4359 vetustate
834 4297 1052 4376 aegritudinem
1067 4298 1161 4356 minui
1175 4297 1222 4355 vel
1239 4295 1328 4373 plane

151 4400 233 4478 tolli,
261 4401 323 4459 iam
341 4403 400 4475 eis,
430 4403 484 4481 qui
508 4401 666 4476 obiiciant,
693 4400 718 4460 ai
740 4410 855 4477 tempus
872 4419 986 4457 ominem
1006 4384 1222 4478 aegritudinem
1239 4394 1327 4473 levet,

149 4523 214 4562 uou
227 4522 309 4582 opus
321 4523 383 4562 ease
394 4503 515 4562 ratione
531 4512 585 4562 aut
598 4503 719 4560 omnino
732 4501 934 4561 consolatione
945 4501 1006 4576 ilis,
1028 4518 1086 4578 qua
1100 4498 1253 4573 doceatur,
1275 4497 1322 4558 ni·
1443 4504 1453 4515 '

149 4605 194 4665 tit
213 4614 358 4684 oportere
369 4604 561 4684 inopinatum
579 4603 691 4677 videri,
712 4605 754 4662 ita
768 4603 948 4682 respondet,
979 4612 1014 4661 ut
1028 4602 1228 4676 demonstret,
1250 4601 1329 4661 hanc

149 4707 258 4768 animis
273 4706 411 4766 medendi
427 4706 487 4766 vim
501 4727 564 4766 uon
579 4726 640 4764 esee
651 4705 684 4763 in
698 4705 763 4784 ipsa
777 4704 980 4775 diuturnitate
993 4703 1120 4782 positam
1127 4747 1136 4778 ‚
1157 4702 1209 4762 sed
1226 4704 1258 4762 in
1273 4722 1327 4764 co·

149 4810 294 4889 gitatioue
313 4808 479 4882 diumrna,
504 4808 584 4867 nihil
601 4827 661 4866 esse
673 4808 706 4864 iu
725 4826 758 4866 re
776 4805 856 4865 maii.
874 4836 918 4850 --
959 4805 1131 4866 ffineolatio
1150 4804 1328 4877 antemius,

151 4930 268 4972 moene
280 4930 345 4970 esee
360 4910 474 4970 homini
492 4909 641 4988 talequid
657 4907 805 4983 accidere,
831 4908 912 4967 valet
930 4906 1110 4987 plurimum;
1136 4928 1203 4966 num
1222 4907 1277 4967 etsi
1293 4909 1329 4967 de

150 5013 215 5094 ipae
232 5033 347 5075 summa
367 5013 434 5072 maii
452 5011 530 5071 nihil
545 5011 693 5087 detrabit,
715 5011 745 5071 id
762 5020 859 5069 tanuen
875 5009 981 5082 efficit,
1003 5018 1039 5068 ut
1056 5008 1131 5066 nihil
1146 5008 1264 5067 eveniat
1278 5009 1328 5065 in·
