2888 5512
535 747 658 798 urana
677 744 904 811 1v.at‚oo.oo.
1234 735 1295 803 377

121 867 198 951 qnod
213 866 257 930 eis
272 865 310 928 de
328 864 435 942 rebus,
460 885 534 949 quae
551 866 680 929 maxime
695 876 882 945 metuuntur,
908 869 943 931 de
963 879 1058 932 morte
1075 879 1105 931 et
1125 869 1161 931 de
1180 869 1295 948 dolore,

119 976 213 1062 prino
228 985 259 1038 et
277 975 412 1059 proxi-o
435 975 482 1037 die
500 975 678 1060 disputatum
698 987 756 1039 est.
802 974 889 1058 Quae
914 977 939 1040 si
957 977 1079 1061 probata
1096 989 1185 1056 sunt,
1216 989 1296 1042 metu

118 1106 226 1169 magna
247 1106 290 1148 ex
312 1094 394 1167 parte
415 1083 531 1147 liberati
553 1106 666 1163 sumus.

202 1191 332 1257 XXXI.
363 1204 417 1257 65.
433 1195 480 1257 Αο
493 1195 529 1258 de
542 1195 685 1258 malornm
702 1196 839 1279 opinione
854 1195 1009 1261 haetenus.
1042 1195 1203 1262 Videamus
1218 1219 1296 1261 nune

118 1304 153 1369 de
171 1304 336 1381 bonorum,
360 1304 388 1365 id
408 1315 455 1367 est
469 1303 505 1366 de
525 1303 636 1367 laetitia
651 1316 681 1367 et
697 1306 732 1368 de
749 1305 918 1390 eupiditate.
963 1304 1039 1369 Mihi
1053 1309 1168 1390 quidem
1180 1296 1216 1371 'ln
1235 1318 1295 1369 tota

118 1413 235 1477 ratione
248 1434 302 1492 en,
328 1433 402 1496 quae
421 1413 548 1497 pertinet
564 1415 600 1476 ad
616 1415 705 1477 animi
721 1416 970 1499 perturbationem
982 1419 1017 1493 ¹,
1041 1437 1099 1478 una
1114 1436 1164 1479 res
1179 1416 1296 1480 ridetur

118 1544 255 1587 eauesam
275 1523 445 1600 continere,
469 1544 572 1585 omnes
591 1544 642 1586 eas
659 1525 773 1587 esseio
789 1536 892 1588 nostra
908 1536 1072 1609 potestate,
1103 1545 1206 1588 omnes
1222 1526 1296 1588 iudi-

118 1632 358 1716 eloqueremur,
390 1652 491 1695 omnes
516 1634 712 1696 voluntarias.
757 1633 815 1697 llio
841 1635 929 1718 igitur
949 1656 1035 1698 error
1052 1647 1099 1698 est
1114 1635 1294 1719 eripiendus,

118 1742 193 1805 baec
208 1741 388 1805 detrahenda
406 1742 544 1826 opinio²‚
568 1754 674 1825 atque,
699 1754 731 1805 nt
743 1743 773 1805 in
787 1744 871 1807 malis
887 1745 1012 1827 opinatis
1024 1744 1188 1808 tolerabilia
1199 1749 1228 1823 ¹,
1252 1743 1296 1807 sio

118 1852 150 1915 in
166 1850 254 1914 bonis
266 1851 415 1914 sedatiora
429 1861 498 1913 sunt
510 1850 662 1915 afficienda
675 1872 723 1931 ea,
741 1871 816 1935 qnae
830 1872 937 1935 magna
953 1863 983 1915 et
996 1852 1144 1916 laetabilia
1158 1853 1295 1916 *ducun-

118 1958 238 2023 tur*³.
280 1958 379 2044 Atque
398 1958 921 2043 boeqnidemoommnnemalornm
945 1962 1156 2040 othonorum,
1190 1973 1237 2039 nt,
1269 1963 1294 2025 si

118 2071 179 2131 inm
197 2068 311 2132 dillieile
329 2071 369 2132 sit
383 2071 582 2153 persuadere,
606 2071 676 2133 nilril
693 2091 793 2134 earum
810 2091 926 2150 rerum,
955 2093 1029 2156 quae
1047 2071 1219 2156 perturbent
1232 2071 1295 2135 aui-

118 2201 219 2256 mum,
242 2189 293 2241 aut
308 2177 338 2241 in
356 2178 441 2240 bonis
457 2189 507 2241 ant
518 2180 549 2243 in
563 2179 669 2243 malis¹
687 2200 755 2244 esse
769 2180 946 2258 babendum,
972 2191 1070 2245 tamn
1085 2182 1142 2245 alia
1155 2181 1190 2244 ad
1206 2182 1294 2244 alium

118 2298 232 2353 motum
248 2288 363 2351 euratio
376 2288 417 2349 sit
432 2288 607 2366 adhibenda,
631 2288 746 2372 aliaque
763 2290 879 2353 ratione
895 2291 1069 2370 malevolus,
1093 2291 1150 2353 alia
1167 2301 1293 2368 amator,

118 2398 176 2461 alia
191 2416 298 2460 rorans
313 2399 437 2474 anxias,
462 2398 519 2460 alia
536 2398 654 2461 timidus
669 2398 873 2481 corrigendus.
918 2407 972 2462 66.
997 2400 1096 2480 Atque
1116 2410 1181 2460 erat
1196 2400 1294 2476 lneile,

118 2517 296 2591 sequentem
314 2527 381 2569 eanr
401 2505 563 2586 rationem,
592 2528 667 2592 quae
685 2508 812 2571 maxime
827 2508 970 2592 probatur
985 2508 1021 2570 de
1043 2505 1129 2571 bonis
1147 2517 1178 2570 et
1198 2507 1294 2585 malis,

187 2692 295 2742 XXXI.
324 2689 379 2741 lv.
398 2691 463 2744 Adn.
498 2690 576 2743 asic
593 2695 635 2743 Or.
654 2711 675 2743 ο.
690 2692 814 2761 plerisque
828 2693 919 2755 codd,
937 2694 1012 2744 etiam
1026 2694 1055 2743 lt.
1073 2694 1100 2757 B.
1119 2691 1185 2743 Gnd.
1198 2690 1296 2750 t.;Gr.

118 2768 148 2810 et
163 2757 264 2825 plurimi
278 2757 351 2808 codd.
371 2760 486 2809 Lambini
505 2762 651 2810 delrulteudo
668 2764 776 2823 optutum
791 2760 843 2826 (vel
859 2765 938 2823 opinio
953 2766 994 2823 ne)
1012 2767 1169 2823 annumerat,
1187 2765 1256 2823 utque
1270 2766 1297 2809 ul

118 2832 147 2877 io
160 2834 252 2875 mete.
278 2826 373 2877 Eodem
390 2825 458 2877 duoit
472 2830 564 2889 ορίνιῑνῖ
577 2832 677 2877 eonr'eat
690 2827 718 2875 in
731 2825 797 2876 God.
813 2828 845 2876 ll.
881 2827 991 2877 uitfieits
1004 2828 1073 2877 dictu
1088 2838 1134 2890 est,
1153 2826 1219 2877 unde
1234 2826 1297 2877 haee

119 2893 186 2945 mira
201 2890 277 2943 lentio
291 2904 348 2943 ortu
364 2892 403 2943 sit„
439 2893 457 2945 3
474 2895 517 2945 Sic
534 2898 576 2945 Or.
593 2911 608 2944 e
622 2893 705 2944 wott.
721 2893 786 2944 coni.
803 2910 850 2960 pro
867 2894 933 2960 rulg.
949 2898 1068 2945 diruatur.

118 2993 147 3046 in
165 3004 253 3045 nostra
288 3003 398 3048 otestate
415 2994 480 3055 sint,
498 2998 536 3046 llio
552 3010 631 3058 error,
649 3011 700 3061 quo
724 2997 975 3057 quaternionum
991 3011 1021 3044 ex
1036 2994 1149 3046 membro
1164 3011 1197 3060 op
1246 2992 1253 3006 ⁸
1288 3012 1295 3043 ι

119 3062 237 3114 ironiam
262 3062 268 3073 '
342 3062 468 3113 natnmles
493 3080 548 3113 esse
565 3062 700 3129 opinantur
723 3077 784 3125 quae
800 3077 891 3125 meque
914 3069 936 3112 et
952 3065 1073 3113 uenturo
1089 3002 1297 3114 (laeuum-

121 3140 149 3181 et
164 3128 262 3180 ideireo
287 3129 317 3179 iis
332 3128 415 3196 abripi
439 3146 466 3179 se
491 3130 634 3197 patiuntur,
661 3139 700 3180 est
723 3129 816 3195 plenda
840 3146 894 3179 esse
914 3129 964 3180 sie:
996 3145 1056 3192 quoe
1072 3134 1158 3193 provio
1181 3135 1204 3181 el
1219 3132 1297 3183 utute

122 3196 277 3264 eripiendus.
723 3200 849 3248 domur.
884 3197 1004 3248 Similiter
1018 3199 1099 3249 Tacit.
1117 3197 1182 3248 Hist.
1201 3200 1232 3258 ll,
1246 3196 1300 3251 Ἡ

171 3270 207 3315 eal
217 3262 364 3331 violandus]
376 3264 433 3314 Pari
448 3265 525 3314 modo
538 3264 641 3314 verbnm
654 3268 698 3314 eri-
725 3265 895 3325 Germsnicns,
915 3266 983 3334 qnod
995 3265 1107 3326 arduum,
1121 3268 1165 3316 solra·
1175 3268 1220 3332 lae.
1230 3279 1297 3313 sum·

118 3334 202 3395 pieta&
219 3330 335 3382 absolute
351 3330 469 3397 ponitur,
492 3331 563 3383 nullo
579 3331 698 3382 adiuncto
723 3332 776 3396 sit),
794 3343 878 3385 cetera
894 3333 918 3383 le
935 3334 984 3382 atis
998 3337 1112 3393 permisit.
1147 3334 1216 3381 llaee
1231 3328 1298 3392 figu-

120 3399 228 3458 datiuo‚
247 3397 298 3447 sslf.
313 3399 334 3447 l.
351 3400 395 3457 oa,
412 3409 476 3449 extr.
494 3398 535 3451 δᾶ
570 3399 606 3449 lb.
626 3402 656 3450 ll.
671 3399 697 3457 3,
722 3416 764 3458 ιν,
791 3350 1027 3469 ινιννμκὲἰοονιιιιι
1048 3397 1183 3463 posteriori
1200 3403 1298 3471 tantum

123 3468 172 3519 10:
198 3482 306 3533 quorum
325 3482 398 3517 error
420 3465 562 3532 eripiendus
578 3476 629 3517 est:
656 3466 698 3515 nbi
721 3466 848 3525 membris*
877 3524 880 3529 Ι
943 3475 984 3513 tur
997 3474 1065 3512 etex
1080 3479 1112 3511 eo
1128 3461 1298 3528 praedicatum

121 3532 203 3585 multa
220 3532 345 3597 obriguerit
360 3534 428 3583 Belo·
445 3552 469 3601 p.
478 3533 520 3585 23.
723 3532 895 3581 eontrarium'
914 3529 1040 3581 iciendum
1051 3537 1077 3578 et
1086 3528 1111 3576 iu
1127 3528 1210 3594 priore
1219 3542 1298 3577 mem-

173 3599 317 3666 loltrubr'lin]
335 3600 431 3651 Multae
443 3601 499 3651 edd.
511 3608 572 3650 vett.
581 3599 699 3650 exhibent
724 3598 771 3648 bro
786 3597 953 3664 supplendum
969 3606 1023 3655 eat,
1042 3595 1167 3645 vocitatur
1183 3612 1197 3644 a
1212 3610 1296 3661 gram

120 3670 300 3718 totuotutorn:
322 3684 386 3735 quse
405 3668 529 3734 scriptura
550 3667 604 3717 sine
621 3666 698 3716 dubio
722 3665 820 3715 anaticis
835 3662 1034 3729 συνεζευγμένον.
1052 3663 1083 3713 V.
1092 3665 1230 3715 aarum
1239 3662 1296 3712 Lat.

124 3750 160 3783 ex
176 3748 231 3798 req.
246 3734 412 3801 onmpmtiro
428 3746 484 3786 orto
502 3744 548 3784 eat.
584 3740 620 3783 At
636 3734 698 3783 haee
726 3734 770 3783 Gr.
784 3733 874 3799 §.wll
910 3733 1012 3782 Kltbaer.
1027 3732 1058 3781 1..
1074 3730 1119 3781 Gr.
1137 3729 1231 3797 §.16¹2,
1249 3747 1271 3780 c.

124 3798 251 3867 graduum
271 3800 373 3853 namatio
395 3811 422 3853 et
447 3802 514 3869 apud
543 3801 647 3850 Latinos
673 3811 700 3849 et
774 3798 872 3864 olom]
891 3800 922 3847 V.
943 3799 975 3848 ad
993 3799 1012 3847 l.
1030 3798 1079 3858 22,
1097 3798 1138 3848 50.

124 3867 194 3933 apud
203 3867 313 3919 amos
326 3869 464 3936 anriptorea
474 3869 542 3919 haud
553 3868 699 3933 infrequens
776 3874 819 3916 out
834 3869 860 3915 to
877 3868 942 3915 torris
958 3870 1001 3916 out
1016 3869 1042 3914 ia
1058 3866 1139 3929 mollo]
1157 3864 1199 3914 sio
1213 3867 1257 3915 or.
1275 3881 1296 3914 e.

123 3944 178 3995 est,
203 3950 328 4003 saepeque
347 3938 374 3987 in
391 3937 545 3987 diuersarum
567 3950 698 4003 eompara-
725 3933 839 3985 omnibus
856 3932 911 3983 lere
925 3931 1010 3994 codd,
1026 3932 1100 3981 etiam
1119 3932 1148 3981 ll.
1159 3933 1186 3982 P.
1198 3931 1264 3982 Gud.
1275 3930 1296 3982 l.

122 4000 202 4053 tinnis
218 4002 355 4054 formarum
378 4004 493 4055 iunctura
507 4020 598 4068 magna
620 4019 699 4069 qnae-
726 4004 766 4063 ll.‚
786 4012 811 4051 et
827 4000 912 4050 multis
930 3999 988 4049 edd.
1004 4009 1083 4058 ναις
1104 3999 1150 4049 sed
1164 4000 1297 4067 pleraeque

123 4070 183 4121 dam
197 4069 324 4121 subtiliter
339 4070 422 4139 posita
439 4081 485 4123 est.
515 4071 592 4122 dead.
609 4073 639 4121 ll.
655 4068 698 4131 29,
725 4067 783 4119 edd.
797 4078 860 4118 vett.
874 4078 900 4117 et
917 4067 1003 4117 Duiab.
1016 4068 1086 4117 Mon.
1102 4066 1188 4134 legunt
1214 4074 1257 4118 nul
1272 4071 1297 4116 la

121 4134 172 4191 Ἂν
206 4142 280 4189 strom
302 4152 319 4189 ο
343 4142 413 4191 oertlr
436 4145 458 4190 et
473 4140 638 4189 illustrioribus
656 4141 700 4202 (se
725 4140 797 4187 mults
810 4142 852 4185 out
866 4140 893 4185 tn
908 4138 990 4186 bouis:
1007 4152 1070 4202 qnae
1083 4136 1206 4201 scriptura
1220 4133 1297 4183 οιίοἰ-

214 4222 279 4271 quae
292 4206 324 4256 ab
337 4206 394 4257 aliis
409 4206 485 4257 facile
500 4205 699 4272 probantnrloo-
723 4221 764 4254 me
787 4202 894 4254 absurda
915 4202 1021 4253 dicenda
1041 4212 1087 4252 eat.
1123 4202 1162 4251 Cf.
1176 4214 1296 4274 snpraoc.

121 4212 335 4327 tntumm-
360 4274 435 4325 N.D.
451 4275 484 4333 ll,
498 4272 530 4324 6:
549 4282 659 4322 mentem
674 4280 700 4321 et
724 4270 774 4332 28,
794 4269 843 4323 61:
868 4287 916 4320 nee
932 4274 999 4320 molo
1015 4298 1047 4307 -
1066 4286 1113 4319 neo
1137 4271 1206 4315 bono.
1240 4261 1297 4312 Fan.

120 4354 185 4388 am
199 4336 298 4400 quidem
311 4343 426 4393 morsm
441 4350 469 4392 et
483 4342 600 4390 moinum.
617 4340 636 4396 l,
648 4338 698 4389 21:
726 4340 771 4388 lll.
786 4337 835 4396 tt,
853 4335 901 4388 69:
926 4338 1075 4387 incommodo
1092 4344 1176 4384 antem
1192 4340 1218 4379 et
1234 4342 1297 4379 eorn-

122 4405 162 4454 de
178 4405 342 4453 reobtere'ua
370 4422 401 4455 ns
414 4410 566 4473 difficillimo.
589 4407 700 4468 V.Wop·
725 4407 813 4455 modo:
830 4402 872 4453 ubi
884 4421 908 4456 ν.
924 4407 1045 4454 Bremium
1061 4400 1152 4465 pdo'l.
1178 4395 1298 4447 Similiter

122 4475 193 4525 usas.
211 4469 294 4519 Lectt.
308 4414 375 4519 'I'dX
390 4474 422 4533 ll,
439 4474 480 4529 16.
498 4490 526 4541 p.
537 4471 599 4525 299.
616 4470 701 4538 ibique
725 4477 802 4523 nodas
819 4479 845 4520 et
858 4473 924 4533 dier,
949 4480 977 4519 ut
1000 4469 1029 4518 V.
1045 4469 1094 4527 ²5,
1110 4464 1151 4544 79·
1177 4462 1220 4527 39,
1240 4462 1296 4518 ¹13·

121 4540 262 4598 Raudium,
279 4546 305 4586 et
317 4536 517 4611 nosiussrdep
526 4540 582 4593 1⁵7.
593 4539 653 4589 Noe
664 4538 700 4591 tt.
727 4538 767 4589 Cf.
776 4541 883 4590 Ottouem
897 4547 923 4586 et
932 4537 1038 4595 traduto.
1057 4532 1090 4583 nd
1106 4533 1160 4584 Fun.
1176 4534 1195 4585 1.
1208 4531 1246 4592 16,
1255 4533 1296 4585 51.

122 4606 191 4657 rtet.
211 4600 703 4672 Ιιοεε.1-ρ.649.1ννιῖτνλῆτικαὶ
777 4608 827 4655 olto
843 4602 937 4668 νιινννν]
955 4610 1051 4651 contra.
1076 4603 1106 4653 V.
1122 4600 1155 4651 ad
1170 4603 1190 4651 1.
1207 4597 1297 4662 tato.

272 4736 700 4807 aptnubdmpoelsebraelrdnuud
727 4736 782 4793 llb-

120 4808 161 4861 im
184 4807 202 4857 h
238 4823 298 4857 eren
317 4805 438 4873 Gradeg
467 4805 475 4819 ⁶
564 4808 588 4871 l:
614 4806 656 4859 nbi
673 4824 698 4857 ν.
775 4804 915 4872 sequentem]
942 4805 975 4857 H.
993 4822 1015 4855 e.
1041 4803 1084 4861 τὸν
1102 4803 1231 4871 ἑπόμενον.
1265 4800 1296 4851 V.

120 4874 257 4928 Adnotatu
279 4884 374 4925 nostra.
411 4872 458 4925 Pln
503 4872 625 4941 alapis,
643 4873 701 4925 vide
725 4872 854 4924 Adnotatu
870 4872 897 4922 in
914 4874 935 4924 1.
952 4873 1003 4933 aa,
1021 4872 1062 4924 91.

118 4942 159 4997 sis
175 4959 224 4993 noa
239 4941 265 4992 in
280 4942 325 4993 Gr.
342 4942 386 4994 Gr.
401 4942 474 4994 ml.
493 4938 585 5009 ΗΜ.
620 4941 702 4993 neni·
775 4955 829 4991 tam
845 4940 971 5007 rationem]
996 4940 1056 4991 Scit.
1074 4939 1231 5014 Stoicorum,
1256 4930 1297 5007 qu}

118 5027 173 5081 qne
191 5008 376 5063 obscurandam
392 5018 440 5076 est,
457 5006 536 5063 uerba
549 5012 577 5061 al
591 5012 617 5060 iu
629 5011 701 5061 mode
726 5005 787 5059 nibil
804 5007 851 5058 nisi
867 5008 1001 5058 honestum
1018 5005 1044 5057 in
1061 5005 1148 5066 bonis,
1172 4999 1234 5051 nrbrl
1251 5012 1298 5045 nttt

121 4668 301 4857 {excutedum
318 4671 387 4722 Xen.
403 4670 438 4722 lt.
450 4674 477 4725 8.
491 4674 522 4725 tt.
536 4675 562 4735 7,
576 4675 620 4725 tu:
639 4671 700 4726 κάλ·
776 4670 851 4742 §.oo
871 4675 944 4732 Atque
959 4675 1009 4719 ertu
1025 4670 1105 4738 lurik]
1124 4671 1154 4720 V.
1171 4668 1203 4720 ad
1220 4670 1239 4718 l.
1254 4664 1297 4724 49,

182 4758 201 4792 α
