2888 5512
234 700 301 767 330
676 712 911 775 cossurus,
932 712 972 763 u.

235 835 422 918 quietamque
435 830 648 909 constantiam
672 832 702 893 io
718 832 767 894 illa
782 830 875 895 sltera
892 842 989 894 motus
1005 829 1138 894 turbidos
1153 835 1237 893 tum⁸
1257 831 1334 909 irae,
1358 843 1409 895 tun

236 943 418 1029 cupiditatis,
448 942 615 1005 contrarios
634 941 827 1024 inimicosque
845 943 965 1004 rationi.
1013 951 1065 1004 tt.
1091 938 1138 1003 Sit
1157 941 1250 1024 igitur
1267 942 1318 1004 bic
1334 944 1408 1021 iaus,

235 1064 350 1117 utamur
364 1063 459 1117 tumen
477 1053 506 1115 in
525 1052 570 1115 bis
588 1050 856 1135 perturbationibus
869 1051 1073 1114 describendis
1086 1048 1258 1114 Stoicorum
1274 1053 1409 1115 delinitis-

235 1164 319 1226 nibus
338 1172 370 1229 et
390 1161 615 1249 partitionibus,
646 1160 696 1245 qui
720 1161 790 1223 nribi
815 1162 955 1224 videntur
973 1160 1004 1223 in
1027 1161 1081 1223 bac
1102 1162 1281 1243 quaestione
1305 1164 1409 1227 versari

234 1272 418 1337 acutissime.

319 1380 375 1445 Vl.
400 1380 458 1444 Est
471 1380 562 1465 igitur
576 1379 709 1443 Zenonis
727 1381 799 1444 liaeo
816 1380 965 1459 delinitio,
990 1393 1021 1444 ut
1032 1380 1247 1463 pertrrrlrutia
1261 1384 1318 1461 sit,
1341 1385 1409 1467 quod

234 1489 336 1565 πάθος
362 1493 411 1555 ἰΙΙο
434 1492 519 1569 dicit,
554 1512 697 1555 aversan
720 1490 954 1568 recuratione,
987 1495 1114 1553 contral
1140 1503 1297 1570 naturum,
1328 1494 1409 1557 animi

235 1603 403 1667 commotio.
441 1599 567 1683 Quidam
584 1602 717 1680 brevius,
737 1601 988 1685 perturbationem
1002 1621 1070 1664 esse
1084 1602 1245 1685 appetitum
1259 1604 1410 1667 rcbcmcu·

234 1714 358 1790 liorem,
382 1712 435 1775 sed
454 1712 707 1775 vehementiorem
724 1732 792 1774 cum
808 1712 913 1774 volunt
931 1731 1015 1787 esse,
1040 1710 1089 1793 qui
1106 1711 1225 1793 lougius
1243 1712 1408 1777 discesserit

234 1848 250 1884 n
269 1833 393 1885 naturae
414 1823 592 1885 coustumia.
637 1818 746 1885 Partes
769 1831 866 1884 autern
887 1820 1138 1905 perturbationum
1159 1822 1268 1885 volunt
1285 1842 1326 1887 ex
1343 1825 1408 1887 duo-

235 1935 289 1997 bus
308 1933 435 2018 opinatis
456 1932 541 1996 bouis
562 1932 645 1995 nasci
665 1940 753 1995 etex
772 1931 885 1993 duobus
902 1931 1029 2015 opinatis
1050 1931 1153 2010 malis,
1183 1932 1226 1995 ita
1248 1952 1319 1996 esse
1335 1945 1409 2017 quat·

234 2055 320 2107 tucri
351 2064 393 2106 cu
415 2043 501 2107 bouis
525 2042 688 2105 libidinem
705 2050 736 2103 et
755 2041 934 2117 laetitiam,
966 2051 1000 2103 ut
1021 2041 1060 2103 sit
1078 2040 1193 2103 lactitiu
1216 2045 1407 2127 praescotia·

234 2154 398 2230 botrorum,
423 2150 512 2214 libido
529 2154 711 2230 triturarum
736 2170 776 2212 ex
795 2150 880 2212 mulis
895 2157 1011 2214 metam
1031 2160 1060 2213 et
1076 2152 1317 2234 aspritudinem
1333 2154 1407 2217 nasci

300 2320 317 2373 3
336 2340 358 2370 ν.
378 2320 441 2371 udo.
477 2322 520 2371 vt.
558 2318 571 2369 1
592 2338 616 2369 ν.
632 2319 697 2371 udo.

234 2439 320 2491 l‘iucit.
338 2441 379 2489 tv.
396 2438 469 2491 osli.
487 2438 566 2489 Stoici
582 2438 669 2489 dicunt
684 2434 747 2490 εἶναι
761 2440 810 2504 τῆς
835 2438 992 2504 cogitandum
1015 2456 1077 2488 esse.
1113 2438 1153 2488 Gl'.
1175 2443 1197 2504 i.
1215 2436 1255 2491 li.
1293 2442 1355 2491 Hinc
1369 2440 1406 2490 di-

234 2508 322 2576 ᾡνχῆς
336 2502 463 2559 ἀνώτατον
481 2505 574 2571 μέρος,
597 2502 627 2558 τὸ
646 2503 808 2589 ἡγεμονικόν,
835 2505 950 2557 οἰωνοῖο
968 2506 1008 2556 uel
1031 2511 1066 2557 tto
1083 2508 1197 2570 definire,
1222 2514 1258 2558 ct.
1292 2508 1329 2559 Gl-
1346 2508 1405 2558 turn

163 2576 172 2587 “
232 2573 262 2627 τὸ
277 2575 362 2627 ποιοῦν
376 2572 423 2633 τὰς
437 2574 578 2639 φαντασίας
592 2572 637 2625 καὶ
651 2590 698 2631 τας
713 2588 807 2637 συγκα-
835 2590 856 2622 c.
869 2574 911 2631 21,
927 2573 968 2625 47.
988 2592 1010 2624 ο.
1019 2573 1044 2634 9,
1060 2576 1109 2625 ⁴itt:
1127 2578 1170 2625 boc
1186 2579 1259 2626 modo
1275 2580 1405 2637 mium,

232 2641 351 2699 ταὲέοεις
365 2640 410 2691 καὶ
425 2636 524 2704 ὁρμάς·
543 2638 673 2692 καὶτοῦτο
688 2637 807 2705 λογισμόν
833 2646 865 2690 ut.
894 2641 1035 2700 c.1t,‘tt.
1072 2642 1247 2693 offensionum
1271 2648 1406 2707 definitiones

233 2707 359 2759 καλοῦσιν.
383 2707 456 2757 rtur.
472 2706 546 2756 ull'ert
561 2710 681 2757 moinus.
719 2707 807 2757 Cicero
832 2714 887 2758 suut
902 2712 1026 2771 eiusmodi,
1043 2714 1076 2759 ut.
1111 2711 1142 2759 V.
1159 2710 1224 2760 Ado.
1242 2711 1269 2760 in
1289 2714 1332 2762 lli.
1346 2711 1371 2772 3,
1385 2711 1405 2761 5.

233 2774 309 2840 igitur
323 2775 489 2841 Pythagoram
504 2784 530 2824 et
541 2774 671 2824 Platonem
689 2778 722 2840 (v.
734 2778 808 2825 Stati·
833 2774 894 2825 otiis
911 2776 973 2826 locis
985 2775 1067 2825 solium
1078 2777 1249 2828 accusativum
1261 2779 1349 2829 Cicero
1363 2794 1406 2844 pc-

233 2848 355 2893 trauruiuru
370 2842 403 2892 sd
420 2843 481 2891 l‘lut.
499 2841 604 2893 l’huedr.
620 2838 766 2908 plion.)
783 2843 809 2892 in
835 2842 887 2901 uit,
915 2853 942 2893 ut
963 2844 1028 2892 inira
1044 2846 1075 2903 o,
1097 2845 1140 2894 lu:
1172 2862 1203 2893 eu
1226 2852 1264 2896 sic
1287 2849 1405 2910 definiunt:

233 2928 265 2957 ro
280 2909 406 2976 sequitur,
423 2910 491 2976 quod
507 2911 615 2960 animum
630 2909 656 2958 iu
671 2908 732 2958 duas
749 2928 809 2977 par·
832 2914 964 2975 ptprr'tium,
981 2919 1068 2960 metum
1081 2918 1242 2975 conmanentes
1259 2918 1406 2965 romnsoerc

234 2988 271 3023 res
287 2977 449 3028 dividendum
467 2989 566 3037 censet,
586 2978 689 3027 ultorum
706 2977 809 3027 rationis
836 2978 881 3025 Vel
896 2979 972 3028 etiam
985 2981 1066 3028 dicunt
1081 2996 1101 3027 r.
1116 2979 1164 3028 ins.
1181 2981 1305 3047 seqnitur,
1323 2982 1357 3030 nti
1370 2981 1404 3029 iu-

233 3042 395 3107 pmticipcm,
423 3045 526 3095 alterum
549 3057 690 3111 expertem,
718 3044 742 3094 in
761 3064 809 3112 qua
835 3044 873 3093 fra
889 3044 1051 3111 cuprina:
1071 3046 1139 3095 ilaec
1154 3046 1281 3098 ‹tetininnr
1296 3048 1407 3099 boemo-

232 3109 352 3156 exsistunt
368 3111 582 3174 perturbationes:
599 3113 624 3161 in
641 3112 735 3179 reliqua
748 3130 809 3161 vero
833 3112 879 3161 do.
910 3116 1067 3163 [arridentium
1082 3129 1130 3163 esse
1144 3117 1227 3165 dicunt
1244 3120 1408 3181 armedium

232 3175 399 3241 disputatione
414 3176 480 3224 redit
495 3178 679 3227 arlStoicorum
694 3179 807 3246 discipli-
835 3190 894 3231 cett.
929 3182 960 3228 V.
981 3184 1090 3231 Oebsuer.
1109 3180 1125 3229 l.
1143 3181 1169 3230 d.
1189 3200 1214 3249 p.
1226 3183 1270 3236 79.

232 3260 297 3292 num.
314 3270 347 3279 —
384 3244 421 3292 De
443 3260 495 3309 seq.
513 3244 583 3294 relat.
599 3248 640 3307 qui
655 3262 679 3293 v.
699 3245 763 3295 delur.
781 3247 806 3295 in
884 3246 980 3314 Partes]
1001 3250 1031 3296 V.
1050 3248 1179 3299 Adnotatu
1199 3250 1223 3299 iu
1245 3252 1290 3301 lll.
1310 3253 1352 3313 tl,
1368 3248 1406 3301 ll.

234 3311 275 3361 lli.
295 3308 344 3374 tl,
361 3310 407 3363 oi:
427 3314 467 3373 qui
483 3314 567 3361 tandm
584 3327 669 3362 secan.
883 3317 996 3378 oprtrrutis]
1017 3316 1046 3365 V.
1063 3315 1096 3366 ud
1114 3318 1159 3365 tlt.
1181 3314 1225 3373 14.
1244 3320 1290 3371 30.

282 3386 333 3428 tum
350 3378 410 3445 irat]
437 3380 504 3429 Unus
524 3382 552 3427 Ι).
573 3390 598 3428 et
616 3396 677 3427 uitus
696 3380 807 3428 Ox.l1u-
883 3384 970 3444 [muris
984 3412 1018 3421 -
1030 3386 1204 3452 mutibus]
1224 3386 1264 3435 lle
1279 3387 1368 3437 omisso
1380 3400 1405 3435 a

232 3448 292 3497 beut
311 3451 459 3497 cumiret:
481 3446 586 3514 quodsi
604 3446 708 3513 plurium
726 3446 806 3497 libro·
833 3466 856 3498 v.
874 3448 905 3497 ud
926 3452 967 3498 tlt.
991 3452 1032 3509 ta,
1050 3448 1092 3501 33.

232 3514 452 3565 r·11urnuetoritote
470 3514 641 3565 corrfirnmtunr
659 3525 739 3574 esset,
764 3533 806 3565 re·
883 3520 965 3565 codem
982 3520 1090 3579 afficiunt
1113 3522 1264 3581 aspritudine
1290 3520 1404 3585 Medio]

232 3580 374 3646 cipiendum
394 3600 519 3632 coercerem
537 3583 569 3633 ob
587 3601 632 3648 eu,
650 3582 758 3649 quuead
775 3585 805 3632 V.
833 3583 929 3633 druso.
949 3584 1295 3651 Epicr.111.e.‘to.p.3t50:
1313 3580 1347 3641 uis
1381 3584 1403 3651 ’ρ

230 3650 271 3705 to,
288 3648 327 3697 7¹2.
345 3651 462 3713 cupiosum
481 3650 526 3700 sed
541 3650 645 3701 eiciendi
659 3660 743 3717 potest
756 3657 808 3701 tum
832 3651 1047 3717 προςδοκωμένων
1071 3648 1153 3719 φόβος
1170 3654 1269 3719 γίνεται
1284 3656 1329 3709 aul
1344 3660 1404 3717 ioan

231 3712 273 3767 itu,
290 3722 316 3759 ut
335 3715 397 3763 haec
411 3716 444 3765 sit
459 3719 593 3767 sententio:
613 3719 639 3767 in
656 3718 734 3767 alteru
750 3736 805 3767 mo·
832 3714 969 3781 παρόντων.
996 3723 1116 3769 uerutus.
1142 3723 1260 3772 lustrantia
1276 3722 1404 3791 respondet

229 3791 270 3827 turs
288 3780 414 3841 turbidos,
433 3784 474 3849 qui
491 3788 560 3835 mado
577 3786 630 3845 ira,
647 3790 718 3835 modo
736 3786 808 3852 eupi-
835 3785 931 3834 Graeco
958 3784 1076 3844 ἐνεστώς.
1114 3786 1154 3835 (tf.
1181 3790 1232 3849 to,
1250 3788 1293 3841 tit.
1333 3793 1405 3839 lustr

230 3844 310 3894 ditate
335 3849 500 3901 concitantur.
537 3854 616 3902 Etiam
639 3856 697 3903 ii'ts.
717 3857 770 3903 Em.
789 3856 806 3906 l.
834 3870 915 3918 comp.
932 3852 964 3902 de
982 3856 1022 3904 Or.
1041 3855 1071 3901 ll.
1087 3855 1137 3913 ¹25,
1159 3855 1220 3907 105:
1241 3854 1267 3905 iu
1281 3856 1402 3905 delibera-

232 3930 256 3979 p.
272 3912 314 3961 23.
333 3916 436 3982 requirit
453 3933 534 3977 quum
832 3920 941 3969 tionibus
956 3920 1101 3987 plerumque
1115 3939 1146 3970 ex
1160 3922 1244 3984 futuri,
1259 3940 1317 3973 raro
1330 3922 1402 3972 etiam

274 3978 383 4030 Cuu.Vt.
400 3984 423 4045 d.
438 3983 473 4031 11.
494 3988 630 4034 Zenonisde
649 3986 716 4049 nitio]
734 3986 806 4051 Diog.
832 4004 861 4035 es
886 3992 995 4037 instantis
1019 3998 1062 4035 urit
1087 3988 1157 4038 facti.
1195 3996 1222 4039 Δ.
1246 3990 1280 4041 ad
1295 3992 1402 4041 llerenu.

231 4048 314 4095 ltuert.
332 4044 357 4101 7.
379 4048 438 4095 llll:
458 4043 538 4127 ᾜστι
555 4050 585 4101 δὲ
600 4048 662 4102 nord
679 4048 707 4103 τὸ
723 4049 806 4111 πάθος
833 4055 862 4111 ll,
875 4058 904 4105 5:
923 4055 949 4103 id
961 4054 1080 4103 dividitur
1090 4055 1115 4104 iu
1128 4065 1245 4123 tempora
1255 4059 1317 4109 tria:
1333 4074 1403 4125 prae-

230 4110 295 4165 κατὰ
312 4109 420 4177 Ζήνωνα
437 4108 456 4174 η’
473 4117 565 4177 aiones
582 4117 626 4167 καὶ
643 4114 712 4181 παραὶ
729 4116 805 4184 φύσιν
832 4122 947 4182 teritum,
973 4127 1079 4183 instans,
1106 4140 1271 4192 consequeus.
1307 4125 1400 4188 Quintil.

229 4182 317 4251 ψυχῆς
330 4174 458 4245 clanculi
471 4177 538 4244 ὁρμή
550 4179 727 4243 πλεονάζουσα.
757 4186 805 4234 Ηίο
831 4188 862 4247 V,
883 4188 929 4237 to:
952 4189 1128 4254 praeteritum,
1150 4196 1259 4255 instans,
1277 4194 1386 4245 futorum

230 4246 805 4302 leucusconsenuerevirlcturconiecturamSul·
883 4256 904 4321 i.
928 4259 965 4305 12.
988 4264 1014 4307 ut
1029 4258 1129 4325 adeptu]
1148 4260 1274 4311 Particnlc
1290 4259 1401 4329 rit-parti·

228 4318 312 4378 ruusii,
331 4319 372 4385 qui
389 4318 420 4368 ud
437 4314 589 4383 Simplicium
606 4336 630 4384 p.
644 4321 683 4369 55.
703 4320 763 4385 legit
778 4327 805 4370 et
832 4322 897 4387 cipio
925 4324 1011 4374 addita
1036 4342 1162 4383 caussam,
1190 4344 1266 4393 qurum
1289 4328 1400 4395 signifieat

227 4392 308 4434 contra
325 4394 453 4445 naturam:
478 4383 522 4434 sed
540 4385 602 4434 hoec
618 4386 692 4435 verbu
709 4388 742 4437 itu
760 4406 804 4438 ac-
832 4389 999 4456 participium,
1018 4392 1096 4457 magis
1113 4394 1195 4443 effert.
1214 4396 1246 4447 V.
1261 4398 1400 4457 tituto

228 4448 342 4514 ripieudu
368 4466 442 4513 suunt,
472 4464 499 4502 ut
523 4454 655 4502 verborum
679 4470 764 4505 arrasa
790 4472 805 4504 n
831 4461 934 4518 persium
966 4460 991 4507 iu
1022 4461 1187 4520 Quaestionn.
1215 4464 1285 4513 Tull.
1323 4462 1398 4513 Alton.

226 4523 291 4565 recta
314 4525 404 4571 ratione
430 4520 617 4587 explicationem
644 4524 804 4573 contionante
836 4522 914 4581 tait,
934 4544 957 4591 p.
976 4527 1028 4583 13..
1051 4528 1093 4592 qui
1110 4528 1196 4578 luudut
1212 4526 1399 4583 &cosmed

229 4598 308 4648 imque
336 4586 409 4635 uliter
434 4590 500 4637 inl’ra
528 4607 548 4639 ο.
569 4590 616 4650 tl,
635 4589 676 4641 47.
704 4590 804 4655 legitur.
833 4592 892 4639 lior.
913 4610 952 4659 ep.
968 4596 986 4643 l.
1004 4593 1091 4649 i'.·ll:
1110 4606 1138 4644 ut
1155 4612 1240 4663 ireque
1256 4596 1400 4665 plsuirl'or-

229 4651 287 4698 l‘nst
305 4650 382 4701 verbu
398 4655 456 4703 bueo
472 4658 577 4716 definitio
602 4666 671 4706 recte
694 4658 806 4722 seqnitur
830 4668 912 4707 rectus
922 4661 1008 4725 spatiis
1022 4678 1068 4710 nec
1078 4663 1172 4711 meritae
1182 4662 1400 4733 prodigusberbae.

227 4723 265 4777 ut,
291 4734 342 4767 nou
360 4720 515 4768 occusmivus
533 4723 635 4782 eunt,
662 4723 718 4800 quia
744 4725 804 4773 hoec
880 4730 950 4776 sinrut
965 4732 1064 4792 obiecta]
1091 4746 1151 4795 pro:
1177 4736 1341 4797 Simulatque
1355 4730 1400 4781 obi.

227 4784 381 4837 constructio
395 4795 536 4850 usurpatur,
554 4804 628 4853 quum
642 4790 735 4855 aliquid
752 4808 804 4840 esse
830 4792 860 4839 V.
879 4796 975 4845 Romala.
993 4796 1023 4844 L.
1039 4798 1083 4847 Gr.
1102 4800 1125 4864 d.
1141 4800 1195 4847 tue.
1213 4800 1276 4851 Not.
1287 4804 1311 4851 2.
1342 4800 1400 4851 llr'tb·

226 4864 269 4905 aiut
286 4853 379 4903 suetum
394 4870 447 4901 esse
464 4855 646 4919 pronuntiatur,
663 4858 805 4909 coniunctio
829 4872 877 4908 ner.
895 4860 917 4923 d.
935 4862 988 4916 ltu).
1006 4863 1025 4913 l.
1054 4868 1131 4914 onon
1149 4865 1184 4914 ad
1202 4867 1260 4919 Fin.
1276 4864 1400 4923 lll.6.¹ll·

227 4932 309 4974 sertem
328 4927 352 4971 ut
379 4920 496 4987 ponitur,
526 4939 599 4987 quirum
621 4924 675 4990 quis
695 4925 805 4975 indicare
881 4922 1055 4995 βούλησιν]
1074 4932 1145 4982 Hanc
1155 4932 1233 4999 igitur
1248 4935 1399 5002 opponebat

228 4992 295 5055 unilt,
319 5009 369 5042 rem
387 4989 495 5058 aliquam
514 5002 583 5041 certo
602 4990 709 5058 quodam
728 4994 805 5044 modo
831 4991 908 5043 Stoici
923 4998 1031 5060 libidini,
1055 5016 1128 5065 quiana
1146 5001 1310 5068 appellabant
1326 5000 1399 5055 duur
