2888 5512
58 4812 96 4889 ti

116 701 179 767 432
529 699 887 763 tranuntuoras.

118 832 239 899 interitu
256 849 314 893 sex
334 847 405 889 suos
426 825 552 887 obruere
570 821 739 887 oonsulatus
758 830 788 883 et
810 818 1013 881 contaminare
1035 828 1203 880 extremum
1221 827 1281 881 teu·

119 963 172 1029 pue
195 939 314 1004 aetatis.

202 1045 280 1112 XX.
306 1055 358 1108 57.
384 1039 683 1126 Duodequadraginta
697 1059 792 1101 annos
811 1050 953 1122 tyrannus
964 1033 1221 1120 Syracusanorum
1238 1035 1281 1099 luit

118 1157 300 1242 Dionysius,
331 1175 418 1237 quum
437 1152 565 1237 quinque
583 1159 613 1212 et
625 1148 728 1232 viginti
748 1159 834 1209 natus
852 1167 946 1209 annos
966 1146 1150 1207 dominatum
1174 1166 1282 1230 oeenpa·
1301 1134 1304 1199 j

118 1269 223 1332 risset.
270 1262 337 1346 Qua
360 1260 575 1347 pulchritudine
600 1258 719 1335 urbem,
753 1257 857 1340 quibos
881 1268 977 1319 autern
1004 1255 1111 1339 opibus
1138 1254 1278 1339 praeditam

116 1375 262 1441 servitute
283 1391 454 1457 oppressam
468 1368 564 1432 tenuit
580 1367 746 1431 civitatem!
782 1366 893 1448 Atqui¹
915 1365 951 1426 de
969 1365 1024 1427 boo
1042 1364 1165 1426 bomine
1179 1364 1279 1427 abnuis

118 1484 288 1549 auuoubos
308 1482 351 1544 sio
369 1479 507 1561 seriptum
526 1477 710 1561 accepimus,
735 1495 876 1539 summam
894 1474 984 1535 luisse
1002 1472 1069 1536 eius
1085 1472 1118 1563 ia
1132 1473 1208 1539 vieta
1219 1482 1279 1536 teu·

119 1592 283 1678 peruntiam
305 1590 333 1653 in
351 1589 498 1671 rebusque
515 1587 680 1671 gerundis*
709 1585 803 1647 virum
828 1604 926 1646 aurem
949 1591 979 1645 et
998 1578 1193 1661 industrium,
1221 1603 1279 1646 eun

120 1703 187 1767 dem
204 1712 300 1765 temen
317 1698 479 1761 maleficum
497 1707 604 1761 natura
616 1706 649 1758 et
660 1695 812 1757 iniustum.
858 1691 910 1754 Ex
925 1714 982 1775 quo
1000 1692 1138 1757 omuibus
1151 1690 1224 1756 bene
1238 1712 1279 1755 re·

120 1811 239 1875 ritatem
255 1808 437 1872 intuentibus
458 1804 553 1871 videri
570 1802 701 1869 ¹iteeesse
722 1812 769 1866 est
789 1802 999 1864 miserrimum.
1045 1799 1093 1864 Ea
1117 1802 1193 1864 enim
1216 1801 1278 1886 ipsa,

120 1938 197 2005 quae
213 1917 421 2002 eoneupierat‚
451 1934 490 1977 ne
506 1922 568 2007 teu
586 1912 722 1996 quidem,
752 1932 839 1993 quum
860 1910 960 1973 omnio
976 1931 1011 1973 se
1035 1930 1125 1995 posse
1144 1910 1277 1984 eeusebal,

121 2028 368 2111 consequebatur.
414 2032 468 2087 58.
489 2000 554 2107 nii
569 2040 658 2106 quum
675 2031 757 2082 esset
774 2020 859 2082 bouis
878 2019 1049 2106 parentibus
1067 2031 1153 2104 atque
1168 2020 1279 2083 bonesto

120 2139 186 2199 loeo
210 2146 316 2211 natus,
346 2133 416 2216 (etsi
435 2132 464 2194 id
487 2131 603 2214 quidem
624 2130 700 2192 alius
720 2129 778 2190 alio
799 2131 886 2191 modo
904 2129 1048 2212 tradidit.)
1079 2130 1278 2212 abundantque

120 2248 174 2308 et³
193 2243 357 2328 aequalium
373 2239 620 2304 familiaritatibus
634 2248 665 2303 et
677 2239 891 2302 consuetudine
906 2238 1152 2324 propinquorum,
1173 2238 1277 2302 babent

189 2438 254 2489 xx.
283 2436 295 2486 1
316 2438 372 2486 nuo
389 2438 452 2485 on.
473 2445 500 2485 a
515 2433 573 2484 eoa.
590 2434 615 2482 s.
630 2404 714 2496 ...ut
739 2432 807 2500 quoa
828 2432 938 2498 praefert
961 2436 1041 2483 nana
1062 2434 1136 2484 ror..
1153 2433 1172 2482 r.
1185 2446 1209 2497 p.
1219 2431 1277 2511 ara,

121 2502 207 2557 nutrio
222 2503 319 2571 quade
333 2520 424 2552 earrssu.
459 2501 525 2551 lllud
539 2510 607 2550 recte
621 2499 737 2549 defendit
753 2503 843 2551 Bobius
859 2499 892 2548 ad
909 2501 986 2566 Legg.
1004 2503 1022 2550 l.
1039 2499 1072 2559 b,
1093 2500 1132 2550 15.
1171 2496 1276 2549 well.

122 2574 150 2623 P.
169 2568 236 2623 uad
255 2572 278 2618 1.
293 2572 323 2618 ll.
341 2569 420 2617 Murb.
438 2567 519 2617 llehd.
537 2577 563 2623 et
578 2568 644 2616 Non.
662 2584 686 2631 p.
702 2562 776 2624 241.;
795 2568 836 2614 Or.
851 2584 873 2616 c.
890 2565 956 2631 vulg.
974 2569 1092 2630 pandis.
1125 2566 1276 2618 Nicone.

120 2636 246 2752 plerisque
261 2634 345 2695 codd„
363 2634 437 2683 etiam
455 2636 483 2683 P.
494 2642 522 2685 et
537 2633 576 2694 b.;
595 2632 686 2683 eodem
701 2631 771 2682 ducit
786 2650 835 2682 scr.
851 2638 873 2684 el
887 2635 945 2701 (pro
961 2636 994 2701 tl)
1008 2635 1035 2684 in
1046 2636 1142 2684 Vaell.
1157 2630 1277 2686 Gaetu.

139 2703 173 2752 al.
190 2704 232 2762 4.;
250 2701 292 2751 alii
310 2718 359 2749 oun
377 2707 406 2752 el.
486 2716 489 2721 ·

171 2815 213 2853 aea
233 2816 288 2852 aeos
304 2829 339 2839 —
355 2801 501 2865 remutatus]
545 2801 570 2851 ui
595 2800 697 2851 luerunt
720 2803 896 2865 inflammatum
919 2804 999 2864 subn.
1034 2804 1067 2853 V.
1083 2821 1131 2855 noe
1154 2801 1181 2854 iu
1203 2801 1280 2854 (leb

121 2869 189 2919 inter
207 2864 358 2920 bat-554
375 2887 398 2918 a.
415 2885 438 2920 u.
455 2886 476 2918 c.
495 2868 538 2935 (10
565 2869 657 2920 -100
673 2886 696 2918 a.
722 2866 820 2938 §.129‚
837 2872 862 2921 8

122 2936 192 2999 (llartl
772 2941 893 2986 ueritatem
915 2939 1075 3002 intuentibus]
1108 2942 1199 2988 Veritus
1220 2935 1279 3004 plut

174 3004 233 3053 Cae.
250 3002 313 3051 XX.
340 3004 362 3069 ᾗ.
381 3002 422 3054 57.
456 3005 698 3067 Duodequadrnplnlo
723 3002 859 3068 respondet
877 3003 974 3053 Graeco
998 2999 1113 3070 ἀλήθεια
1127 3005 1281 3071 signifiatqne

121 3070 207 3135 onnes]
225 3068 258 3117 de
274 3070 306 3117 N.
321 3071 351 3121 D.
366 3070 409 3129 lid,
428 3068 478 3123 33:
495 3069 696 3136 Duodequadra·
723 3086 798 3135 saepe
815 3087 867 3119 rena
884 3070 979 3136 ipsum,
1005 3089 1092 3122 veram
1114 3073 1151 3122 rei
1166 3072 1281 3123 rationem.

139 3136 192 3184 'uta
203 3134 336 3201 Dionysius
353 3146 564 3207 tynmqmos
577 3136 698 3202 luitopu·
725 3136 765 3186 Cf.
784 3139 826 3186 lll.
844 3136 886 3198 33,
903 3136 944 3189 7⁴).
970 3137 1107 3203 Eleganter
1121 3139 1281 3205 enodateque

121 3153 274 3252 ibatissimae
297 3208 324 3249 et
347 3198 506 3251 beatissimis
529 3200 646 3252 civitatis.
665 3232 698 3241 -
723 3202 755 3252 de
771 3203 818 3253 buc
834 3221 856 3254 r.
875 3205 992 3269 exposuit
1009 3209 1131 3257 limatius
1146 3206 1213 3258 Clau.
1228 3206 1252 3255 lu
1263 3221 1281 3250 t·

123 3266 300 3333 intelligendus
318 3277 357 3315 est
376 3264 508 3332 Dionysius
525 3268 613 3318 maior.
723 3269 796 3319 Adde
812 3273 911 3321 Ellendt.
925 3272 957 3321 ad
976 3274 1102 3334 aaut&
1117 3272 1175 3325 ⁰226.
1200 3275 1281 3324 sutas

174 3339 258 3400 qulbus
272 3339 351 3385 aulem
364 3332 459 3401 opibus}
473 3335 698 3401 Departiculaurt·
724 3337 784 3386 Lex.
803 3337 854 3388 Cic.
871 3338 927 3387 b.r.
956 3342 1082 3403 Heindorf.
1097 3340 1129 3390 ad
1144 3341 1228 3391 llorat.
1237 3342 1281 3389 Sat·

122 3411 168 3456 lent
184 3421 209 3456 v.
226 3400 259 3452 ad
276 3402 319 3451 tv.
335 3401 363 3466 2,
380 3403 405 3452 b.
723 3403 776 3464 1.3,
786 3402 828 3457 97.
844 3406 881 3455 De
892 3406 989 3457 Graeco
999 3404 1282 3458 uctsrotttmtmt

173 3475 206 3522 sle
223 3472 337 3532 seriptum
354 3469 504 3536 acnuam]
530 3467 558 3517 C.
581 3469 647 3535 Nep.
665 3468 697 3519 de
723 3469 1280 3541 stat.Puiteb.p.tttu.(p.2rrtaq.edttou.t

124 3538 210 3605 Regib.
225 3554 246 3589 o.
257 3538 292 3585 ll:
314 3538 346 3586 Et
359 3535 524 3586 manufortis
541 3536 695 3602 (Dionysiusl
774 3541 796 3616 p.
806 3541 847 3591 att.
867 3542 913 3601 (lui
925 3555 999 3604 quum
1012 3543 1081 3606 ruet]
1102 3544 1181 3603 (latu
1194 3542 1218 3592 ri
1230 3554 1281 3591 roe-

123 3615 149 3653 et
168 3604 227 3654 belli
243 3603 337 3669 peritus
353 3604 402 3653 luit
419 3615 459 3664 et,
484 3602 510 3652 id
525 3603 594 3670 quod
612 3602 637 3653 in
652 3614 697 3670 ty·
723 3620 816 3654 eewrva
832 3605 935 3656 dimum
963 3608 993 3656 V.
1003 3608 1098 3658 ddunt.
1109 3609 1136 3659 iu
1154 3611 1172 3659 l.
1186 3606 1281 3669 wli.

123 3686 202 3719 ranno
219 3685 271 3719 non
287 3671 361 3720 facile
377 3670 506 3737 reperitur,
524 3671 626 3720 minime
637 3671 697 3719 libi·
771 3675 891 3723 ulr'uaulio
901 3673 980 3740 modo]
996 3674 1046 3724 Alii
1061 3675 1130 3726 euim
1141 3674 1225 3727 inuno
1235 3675 1281 3724 loru

123 3737 451 3797 diuosuunnuluxuriosus,
467 3754 517 3787 nou
533 3754 630 3797 avarus,
643 3738 698 3787 nul-
723 3755 779 3788 eum
796 3751 880 3789 nutum
895 3758 948 3790 esse
963 3751 1080 3793 auctores
1095 3755 1162 3795 sunt.
1184 3744 1283 3794 Dum
1316 3740 1319 3793 i

122 3803 169 3855 lius
185 3803 222 3853 rei
231 3802 344 3882 ‘denique
362 3804 480 3883 erpaldus,
505 3803 551 3854 nisi
568 3805 697 3871 eingrrlaris
722 3804 797 3856 affert
807 3807 950 3886 Helladium
963 3808 1133 3893 ap3l'bopium,
1144 3806 1282 3893 (pimand.
1314 3812 1319 3899 p

123 3872 697 3998 trituratusurrunnu:
723 3873 1283 4008 tatuttt÷.tt¹t‘¹t;.a.utttut
1316 3916 1319 3975 ι

123 3999 169 4049 lim
184 3999 297 4063 pepercit
310 4002 385 4059 ritae,
403 4020 477 4068 qoem
493 4006 545 4054 eiua
564 4006 698 4056 insidiato·
722 4003 850 4068 Διονύσιος
862 4007 906 4075 μὲν
918 4027 961 4061 out
972 4008 1003 4063 ἐκ
1013 4009 1180 4078 qpapqsurdot
1191 4007 1282 4060 aulaei

122 4082 174 4182 ut
189 4066 698 4200 tl¹ttu.t‘⁰.ur.uutt.ltt
721 4074 1036 4196 sustitit...
1071 4143 1117 4195 ..a
1136 4141 1219 4208 u...
1235 4156 1272 4191 ..

168 4171 173 4180 .
535 4171 542 4195 ,
687 4167 697 4178 .
897 4172 930 4181 -
1273 4167 1283 4177 .

122 4200 156 4251 do
174 4196 336 4250 antecesserit
357 4200 407 4245 elus
424 4199 585 4266 proximeque
607 4204 697 4253 subse-
722 4211 793 4258 debut
806 4225 838 4271 ae,
854 4219 929 4260 otest
941 4211 966 4260 in
977 4214 1018 4261 Gu
1051 4207 1196 4276 Aequod.
1206 4208 1284 4258 lluutl.

122 4279 211 4337 quatur
225 4268 340 4328 turudum,
357 4264 480 4315 neminem
497 4267 561 4317 male
578 4268 696 4330 habebit;
724 4281 756 4323 At
770 4280 880 4336 „eredere
894 4276 1043 4344 simpliciter
1052 4276 1142 4329 dieitur
1155 4292 1204 4343 pro
1218 4277 1286 4338 eoru⁸

123 4337 199 4388 immo
219 4333 306 4384 addito
330 4332 479 4400 pronomina
504 4335 585 4386 oratio
610 4336 696 4388 durior
721 4343 790 4403 dere,
808 4345 992 4404 fidemltnbere:
1009 4346 1109 4413 dequo
1123 4362 1167 4395 nou
1181 4342 1284 4412 disputa-

123 4402 191 4451 ductu
206 4402 303 4451 fuisset.
339 4399 457 4450 Similiter
470 4401 503 4450 ad
518 4403 586 4454 Faus.
604 4407 639 4456 X.
654 4423 694 4471 ep.
721 4408 758 4457 rit
775 4412 927 4461 numanum
942 4412 975 4463 ad
993 4413 1078 4466 Valet.
1096 4413 1177 4464 Ftaee
1195 4413 1220 4468 l.
1234 4408 1282 4463 532

121 4467 171 4517 ‘201
198 4470 227 4516 de
250 4474 270 4517 te
294 4468 361 4518 ferna
384 4478 516 4528 constans,
543 4487 590 4521 nec
612 4472 667 4522 deci
687 4473 696 4522 i
721 4474 795 4525 etad
813 4478 906 4528 Lucan.
922 4480 942 4537 1,
958 4480 1018 4531 227.
1037 4484 1147 4543 tempori
1161 4474 1283 4531 mil·

141 4548 197 4580 osse
221 4549 269 4582 nec
292 4534 366 4585 vinei.
409 4537 478 4597 Quae
503 4535 551 4586 alia
582 4490 695 4606 exempia
720 4541 1024 4598 lustravemntGrueo.ad
1034 4545 1285 4605 uenantum·
1317 4586 1319 4619 Ι

132 4598 247 4676 ,ορὶιᾳιι
263 4600 423 4652 Lectt.'l'ull.
439 4606 457 4664 l,
472 4601 496 4654 9.
514 4602 586 4669 pto.
602 4616 695 4656 contu·
720 4607 753 4658 ad
769 4609 887 4670 Quinctil.
907 4613 977 4663 Deol.
993 4612 1025 4674 6,
1044 4613 1103 4667 16.“
1139 4607 1284 4666 umbrati
1314 4626 1319 4701 p

122 4663 161 4729 lut,
178 4662 259 4714 atiena
275 4675 340 4713 sunt.
375 4668 465 4719 Rarior
478 4680 516 4720 est
532 4679 615 4719 alutem
632 4672 696 4722 bueo
720 4676 860 4742 Wopkens.
871 4680 953 4730 Lectt.
963 4680 1031 4731 Tull.
1061 4679 1202 4751 .149.,qoi
1215 4692 1287 4745 mp-

121 4740 261 4790 struoture‚
289 4746 337 4794 qua
355 4737 496 4784 accusativo
515 4754 536 4784 c.
554 4735 599 4784 inl.
620 4756 694 4803 prae·
721 4741 781 4790 Sall.
799 4744 851 4809 lug.
868 4746 917 4797 7¹2:
946 4764 1027 4815 neque
1053 4765 1103 4799 ooo
1128 4766 1210 4817 neque
1225 4762 1286 4799 mot-

121 4797 230 4850 mittitur
238 4798 408 4912 xvpraepositio
435 4803 464 4849 de
496 4818 551 4849 cum
575 4803 694 4857 ablativo.
720 4807 765 4856 tali
784 4809 898 4876 cuiquam
915 4825 959 4864 aut
975 4816 1088 4883 tempori
1103 4816 1168 4867 sutis
1181 4818 1275 4869 eandm

122 4868 201 4933 sopra
228 4867 237 4914 1
263 4863 336 4924 -22,
354 4866 401 4916 50:
428 4869 457 4916 n
475 4869 585 4945 opacam
602 4901 636 4911 -
656 4874 696 4923 vu
772 4880 912 4940 aeramnae
921 4884 1085 4950 templanum]
1104 4901 1136 4934 u
1148 4879 1286 4935 emutat
1315 4910 1319 4925 .

121 4933 203 4986 iurare
219 4947 329 5001 possum,
348 4949 398 4984 non
415 4937 483 4985 illum
499 4937 624 4988 rraeuudia
642 4949 696 4992 turn
721 4941 839 4995 vitiorum
855 4958 898 4998 aut
914 4948 1054 5000 beatiorum
1066 4950 1169 5003 civium.
1195 4950 1287 5003 Gblrt·
1315 4934 1319 5007 i
