2946 5550
16 2904 29 3329 l

526 742 786 796 moureouaus.
1205 736 1246 810 17

147 864 178 951 e)
201 868 303 944 Neque
323 866 468 926 ducemus
482 887 498 925 a
511 867 593 926 vitae
610 867 699 927 bonis
712 887 820 947 angere
833 888 887 943 roe
900 880 929 929 et
942 874 1114 934 excruciare
1128 889 1242 958 poteat;

59 990 130 1031 nam
156 988 251 1047 quum
275 969 341 1028 vita
367 968 492 1027 miseriis
514 977 545 1026 et
569 968 787 1029 calamitatibus
808 942 918 1030 re'rta
938 974 993 1048 sit,
1020 995 1101 1036 mora
1123 982 1242 1042 amalis

57 1072 181 1153 potius,
211 1088 300 1148 quam
323 1091 342 1129 a
368 1069 455 1129 bonis
478 1090 534 1128 nos
553 1070 703 1131 abducere
723 1071 849 1131 dicenda
872 1082 927 1132 eat.
969 1095 995 1134 c.
1013 1080 1065 1138 dt.
1080 1069 1113 1157 5.
1128 1084 1181 1143 83.
1198 1115 1242 1129 .-

57 1196 84 1234 c.
102 1180 160 1236 36.

148 1272 183 1355 d)
205 1275 257 1347 Et,
285 1272 311 1330 ai
334 1272 395 1331 boc
413 1272 511 1350 ipsum
536 1272 736 1347 concedatur,
766 1274 853 1334 bonis
877 1277 967 1335 rebus
987 1276 1123 1340 bominea
1143 1296 1240 1346 inerte

58 1377 196 1458 privari,
217 1385 315 1435 temen
331 1373 448 1431 idcirco
463 1393 543 1432 mora
558 1375 667 1433 malum
682 1395 743 1433 nou
760 1386 814 1434 est.
856 1378 930 1436 Nam
945 1382 1077 1456 mortui,
1098 1386 1240 1463 quoniam

59 1498 125 1539 non
140 1488 227 1551 aunt,
248 1495 304 1535 nec
319 1475 401 1533 ullus
415 1494 516 1533 sensus
531 1475 573 1533 eis
585 1476 785 1553 relinquitur,
808 1499 862 1537 neo
874 1479 954 1539 vitae
968 1486 1129 1544 commodis
1139 1508 1242 1549 carere

57 1586 207 1659 possum,
228 1596 283 1636 nec
301 1596 407 1635 eorum
423 1575 605 1635 desiderium
622 1574 741 1636 babere.
784 1581 887 1657 Neque
901 1601 975 1640 vero
992 1583 1052 1642 dici
1071 1597 1186 1665 potest,
1207 1590 1240 1650 id

59 1681 164 1760 ipeum
179 1678 316 1737 odiosum
332 1697 408 1752 ease,
429 1677 492 1736 sine
508 1696 596 1736 sensu
611 1698 686 1754 esse;
709 1700 776 1737 nam
792 1680 868 1739 nihil
884 1692 982 1761 potest
993 1684 1025 1742 in
1040 1706 1075 1745 eo
1088 1708 1162 1766 esse,
1186 1693 1240 1769 qul

59 1782 130 1861 ipae
149 1800 212 1839 non
226 1790 279 1838 eat.
301 1800 327 1838 c·
342 1784 393 1840 ὅθ.
409 1784 460 1839 et.
475 1816 479 1823 ,
505 1778 619 1857 (Neque
634 1779 706 1838 baec
723 1781 836 1857 opinio,
858 1786 1013 1843 mortalem
1026 1805 1086 1846 esee
1101 1791 1240 1869 animum,

61 1882 234 1943 deterrebit
256 1882 431 1959 sapientem,
458 1900 519 1958 quo
546 1880 712 1938 minueres
737 1882 878 1939 moliatur
895 1887 1071 1944 aeternitate
1087 1889 1192 1968 dignas
1210 1900 1241 1953 et

62 1983 278 2065 posteritatem
293 1982 391 2061 ipsum,
413 1982 500 2041 carius
514 2000 633 2040 aeneum
647 1980 808 2039 habiturus
825 2000 885 2040 non
902 1984 949 2057 ait,
971 1984 1009 2042 ed
1023 2006 1053 2045 se
1066 1999 1153 2066 putet
1167 2012 1240 2070 per-

62 2086 177 2145 tinere.
218 2084 291 2141 Nem
306 2084 423 2162 sapiens
437 2103 499 2142 non
512 2082 678 2160 cupiditate
694 2082 822 2160 gloriae,
844 2104 931 2161 quam
945 2097 1083 2147 mortuus
1097 2109 1241 2153 sensurus

61 2187 190 2259 nonsit,
212 2184 263 2243 aad
275 2183 409 2258 rinutia,
431 2204 519 2262 quam
536 2184 701 2243 necessario
716 2184 812 2264 gloria
824 2188 1028 2264 consequitur,
1049 2189 1143 2269 ineis,
1165 2214 1242 2272 quae

61 2289 139 2369 agit,
161 2286 296 2346 ducitur.
317 2306 344 2344 c.
360 2286 427 2367 38.)

150 2390 179 2465 e)
200 2390 302 2465 Neque
326 2408 407 2446 mora
430 2397 499 2447 aute
513 2398 631 2465 tempus
651 2386 701 2445 vel
722 2407 802 2447 mors
818 2386 1021 2466 inexspectata
1042 2393 1151 2452 malurn
1179 2396 1241 2456 diei

63 2500 178 2571 potest,
206 2510 299 2568 quum
317 2490 440 2548 omnino
458 2510 538 2547 more
555 2509 616 2547 uon
634 2489 743 2547 malum
761 2489 814 2563 ait,
841 2499 870 2546 et
888 2500 998 2548 natura
1015 2512 1076 2549 non
1092 2495 1130 2552 ad
1148 2516 1240 2572 prae-

63 2594 202 2652 stitutam
216 2592 293 2650 diem
308 2592 401 2650 vitam
413 2591 500 2649 nobis
514 2590 755 2649 commodaverit.
799 2590 880 2647 Licet
896 2591 990 2668 igitur
1008 2601 1133 2652 naturae
1150 2596 1241 2655 vitam

65 2703 223 2772 repetere,
243 2712 334 2770 quum
346 2693 421 2751 vult.
467 2693 506 2749 Et
519 2711 593 2750 vero
609 2690 796 2750 diuturnitas
811 2710 845 2749 ac
857 2692 990 2751 brevitas
1003 2694 1082 2753 ritae
1094 2705 1165 2755 suut
1181 2718 1240 2755 no·

64 2795 165 2853 tiones
187 2813 262 2871 quae
284 2793 431 2853 dicuntur
454 2793 604 2852 relativae.
627 2798 717 2852 ew.

151 2900 183 2957 l·
221 2894 386 2954 Cenchreae
401 2902 496 2953 totius
509 2895 740 2972 dieputntionis.
786 2896 864 2973 Ergo
880 2914 971 2972 quum
986 2916 1025 2956 ex
1037 2900 1116 2957 omni
1132 2899 1240 2979 dispu-

66 2998 180 3057 tatione
191 2996 267 3055 illud
281 3007 433 3074 aequatur,
454 3007 489 3055 ut
504 3015 583 3053 mors
598 2995 682 3053 nullo
695 2996 784 3054 modo
800 2997 830 3053 in
845 2997 926 3055 malis
938 2998 1072 3057 ducenda
1086 3002 1135 3076 sit,
1156 3022 1241 3061 mor-

65 3109 119 3157 tem
137 3108 364 3158 coutemnamua
385 3118 480 3175 neque
499 3096 678 3155 mollissimis
694 3097 925 3175 cogitationibus
944 3100 1161 3177 elseniinemur,
1189 3103 1242 3163 sed

68 3210 159 3259 totam
173 3201 237 3258 vim
250 3199 327 3257 bene
343 3199 466 3257 vivendi
481 3200 512 3256 in
527 3198 616 3255 animi
628 3198 737 3256 robore
757 3208 787 3255 et
802 3199 1005 3277 magnitudine
1016 3212 1045 3260 et
1061 3203 1093 3261 in
1107 3205 1241 3263 omnium

67 3321 167 3360 rerum
179 3300 380 3359 bumanarusu
394 3299 616 3377 contemptione
627 3309 656 3356 et
668 3299 699 3357 in
713 3300 792 3357 omni
805 3300 920 3359 virtute
933 3323 1087 3379 ponamus.
1131 3306 1241 3363 Exem-

68 3404 113 3483 pla
133 3402 345 3474 Theramenis,
365 3403 498 3460 Socratis
515 3401 710 3478 aliorumque,
733 3401 785 3478 qui
799 3402 950 3478 praeclare
965 3404 1112 3459 factorum
1129 3403 1242 3460 conscii

67 3506 137 3565 lorti
157 3504 261 3563 animo
282 3513 408 3562 mortem
428 3504 644 3562 occubuerunt
669 3523 694 3559 o.
711 3507 862 3561 lab—42.
904 3498 1075 3578 (lligressio.
1120 3502 1162 3558 De
1179 3501 1241 3561 hu-

66 3607 200 3664 matione
229 3614 261 3663 et
285 3605 439 3684 sepultura
460 3615 648 3663 mortuorum
676 3602 750 3677 quid
777 3600 967 3659 statuendum
988 3601 1040 3675 sit,
1067 3603 1243 3681 exponitur.

68 3728 94 3765 c.
108 3705 279 3785 te—te.)

153 3808 215 3866 lam
230 3807 332 3866 Cicero
349 3808 427 3866 redit
446 3806 488 3866 ad'
499 3826 547 3879 ea,
569 3810 644 3883 (qliae
661 3823 753 3881 supra
768 3803 805 3861 de
819 3805 1035 3864 contemnenda
1052 3817 1148 3865 morte
1163 3828 1240 3886 pro-

70 3911 149 3969 tulit.
196 3908 315 3967 Scilicet
333 3929 413 3967 mers
432 3919 494 3967 tuin
511 3906 688 3984 aeptissium
706 3905 805 3963 auimo
826 3905 996 3983 oppetitur,
1026 3927 1118 3983 quum
1136 3910 1197 3967 suia
1212 3928 1243 3968 se

70 4011 210 4068 laudibus
223 4011 286 4067 rita
301 4011 440 4068 occidens
453 4010 602 4068 consolari
617 4018 725 4087 potest.
771 4007 861 4066 Nemo
875 4027 982 4085 parum
995 4004 1088 4083 vixit,
1110 4009 1161 4086 qui
1176 4011 1242 4068 vir-

15 4110 22 4189 ζ
71 4115 142 4171 tutis
158 4112 308 4191 perlectae
325 4112 457 4189 perlecto
474 4130 594 4168 munere
611 4112 732 4167 functus
745 4119 797 4166 est.
841 4109 944 4167 Gloria
961 4120 1073 4183 autem,
1095 4110 1149 4169 etsi
1167 4110 1244 4170 nibil

72 4214 193 4285 babeat,
222 4232 280 4270 cur
309 4222 486 4290 expetatur,
513 4222 607 4270 tamen
636 4210 779 4268 virtutem
803 4218 944 4285 tanquam
973 4213 1076 4269 umbre
1097 4214 1243 4289 sequitur.

70 4316 195 4391 Sapiens
212 4314 306 4391 igitur
325 4335 384 4371 sion
402 4314 498 4372 solum
514 4313 616 4371 fidenti
632 4310 732 4368 animo
751 4310 906 4388 gradietur
920 4312 957 4368 ad
971 4322 1111 4386 mortem,
1133 4314 1165 4370 in
1185 4331 1243 4387 qua

69 4426 125 4473 eut
142 4434 289 4473 summum
304 4416 430 4489 bonum,
453 4425 507 4472 aut
522 4415 636 4472 nullum
650 4413 759 4470 malum
775 4431 835 4469 esee
849 4414 1005 4489 cognorit,
1027 4414 1077 4471 sed
1092 4413 1180 4470 etiam
1194 4429 1243 4467 se·

69 4516 180 4575 cotidie
201 4518 263 4575 auia
284 4518 374 4575 rebus
396 4517 471 4574 inori
494 4518 585 4574 volet.
608 4536 633 4572 c.
648 4521 699 4574 to.

156 4616 205 4676 ΙΙΙ.
228 4620 386 4677 eruscos.
406 4617 526 4695 Epilogi
543 4618 610 4675 loco
623 4617 794 4674 all'eruntur
811 4618 943 4691 ipsorum
959 4614 1084 4672 deorum
1099 4614 1135 4673 de
1151 4625 1247 4673 morta

71 4720 193 4791 iudicia,
217 4739 294 4795 quae
307 4720 486 4790 ostendunt,
508 4738 557 4775 eoa
575 4737 695 4794 quoque
709 4727 833 4774 mortem
848 4715 878 4772 in
895 4717 980 4773 bonis
995 4716 1118 4790 habere,
1141 4727 1171 4775 et
1184 4717 1247 4775 cla-

8 4828 24 4871 ψ’
70 4840 175 4879 rorum
190 4821 330 4879 virorum
351 4821 405 4896 qui
428 4821 506 4877 laeto
523 4820 622 4876 aninso
637 4829 762 4876 mortem
782 4838 840 4895 pro
856 4817 955 4896 patria
971 4819 1188 4897 oppetiverunt
1202 4826 1248 4875 te-

70 4921 222 4979 stimonia.
267 4922 353 4993 Quae
366 4921 486 4999 quidem
500 4922 598 4977 omitia
618 4929 649 4976 et
663 4921 745 4977 omni
763 4940 817 4976 nos
835 4920 940 4978 mortis
960 4930 1041 4979 metu
1058 4921 1200 4991 liberare,
1221 4928 1251 4975 et

69 5040 155 5099 apem
175 5023 214 5081 de
234 5026 341 5080 littura
361 5023 440 5096 vita,
462 5023 494 5080 in
517 5040 576 5097 qua
599 5020 678 5078 beati
699 5022 823 5091 erimus,
845 5020 964 5078 lirmare
984 5021 1103 5079 debent.

8 5126 10 5145 ¹
31 5156 39 5183 ο
123 5114 269 5171 d-quarta·
611 5135 738 5145 ·-·--·-
760 5136 768 5140 -
1030 5125 1050 5176 q
