2888 5512
509 723 632 774 arnan
650 725 694 775 m.
716 723 761 786 tt,
779 722 820 776 ιι.
1190 714 1253 783 969

76 844 119 907 sic
137 842 291 928 aegritudo
306 842 338 904 in
356 841 473 920 antima,
503 862 610 904 nomen
628 841 714 904 babet
735 864 793 904 uon
812 844 976 907 seiunctum
995 866 1012 908 a
1030 847 1142 912 dolore.
1189 849 1252 914 llo-

74 954 144 1017 loris
161 951 250 1015 buius
264 951 380 1035 igitur⁸
400 954 485 1034 origo
501 951 585 1014 nobis
602 952 776 1036 explicanda
792 965 857 1031 est,
889 954 917 1016 id
935 966 981 1018 est
998 976 1103 1020 caussa
1120 960 1251 1024 edicieus

69 1063 288 1147 aegritudinem
305 1062 336 1124 in
350 1060 461 1139 animo,
487 1072 623 1145 tanquam
639 1063 873 1145 aegrotationem
891 1065 921 1126 in
939 1087 1075 1151 corpore.
1120 1066 1199 1131 Nam
1219 1081 1251 1133 ut

69 1174 198 1251 medici,
224 1193 329 1236 caussa
342 1171 435 1235 morbi
449 1175 587 1250 inventa,
613 1174 795 1235 curationem
810 1194 878 1237 esse
894 1177 1044 1238 inventam
1061 1189 1183 1262 putant3
1207 1180 1250 1243 sio

70 1305 146 1363 uos,
172 1302 277 1347 caussa
300 1281 495 1365 aegritudinis
516 1293 652 1367 reperta,
676 1284 811 1347 medendi
836 1285 1002 1348 facultatem
1026 1289 1218 1370 reperiemus.

158 1391 221 1457 xl.
265 1401 321 1456 24.
357 1389 414 1454 En
432 1392 521 1474 igitur
535 1414 641 1456 caussa
654 1393 750 1457 omnis
769 1394 798 1457 in
809 1395 970 1478 opinione,
994 1417 1049 1459 nea
1065 1419 1140 1461 vero
1154 1400 1250 1482 aegri-

70 1504 185 1569 tudiuis
202 1503 317 1581 solum,
347 1503 401 1565 sed
421 1502 510 1565 etiam
530 1503 707 1587 reliquarum
728 1504 858 1567 omnium
876 1505 1146 1588 perturbationum,
1177 1530 1251 1593 quse

75 1624 148 1677 sunt
158 1633 274 1697 genere·
282 1622 432 1697 quattuor,
456 1613 589 1697 partibus
604 1614 714 1697 plures.
759 1612 837 1677 Nam
853 1637 939 1699 quum
955 1617 1051 1680 omnis
1068 1619 1251 1700 perturbatio

74 1726 119 1787 sit
133 1724 221 1787 animi
239 1732 336 1785 motus
352 1723 427 1785 val¹
451 1722 575 1785 rationis
591 1742 719 1807 expers,
749 1725 798 1788 vel
818 1726 961 1788 rationem
981 1728 1179 1811 adspernans,
1202 1730 1251 1793 vel

72 1833 185 1898 rationi
203 1853 263 1897 non
280 1831 440 1911 obediens,
469 1832 554 1916 isque
580 1842 677 1895 motus
699 1842 750 1896 aut
774 1833 844 1896 boni
867 1845 918 1897 aut
935 1836 1002 1898 mali
1020 1838 1157 1921 opinione
1178 1839 1250 1902 eite-

77 1948 174 2022 tur²;
203 1942 335 2006 bilariam
362 1952 500 2026 quattuor
524 1942 763 2027 perturbationes
788 1945 952 2027 aequaliter
975 1946 1147 2010 distributae
1170 1958 1249 2013 sunt.

74 2052 159 2117 Nan
176 2053 250 2115 duae
266 2062 337 2115 snat
359 2072 400 2115 ex
419 2051 557 2136 opinione
575 2052 662 2130 boni,
692 2074 814 2137 quarum
832 2054 925 2117 altera
948 2056 1085 2140 voluptas
1105 2060 1249 2141 gestiens,

73 2164 103 2227 id
122 2174 172 2227 est
187 2161 438 2248 praetermodum
453 2162 531 2225 elata
546 2163 657 2225 laetitia
677 2163 816 2248 opinione
832 2166 999 2249 praesentis
1016 2167 1114 2251 magni
1126 2168 1250 2233 alicuius

73 2272 163 2351 boni,
192 2273 306 2350 altera,
334 2292 409 2356 quae
429 2282 475 2334 est
493 2273 686 2336 immoderata
705 2275 844 2358 appetitio
861 2276 972 2359 opinati
992 2277 1091 2361 magni
1108 2279 1177 2341 boni
1201 2300 1249 2343 ra·

73 2383 148 2447 tioni
172 2403 233 2449 non
255 2382 479 2467 obtemperans,
509 2383 557 2445 vel
580 2382 897 2466 cupiditas1·eotevel
919 2385 1008 2446 libido
1030 2387 1086 2448 dici
1108 2392 1247 2471 potest1!

73 2504 129 2558 ⁶2⁵.
161 2490 247 2577 Ergo
270 2492 343 2555 baec
366 2493 424 2555 duo
444 2512 572 2577 genera,
602 2492 739 2583 voluptas
759 2493 891 2576 gestiens
915 2504 946 2556 et
970 2493 1077 2572 libido,
1108 2496 1253 2561 bonorum

75 2604 216 2689 opinione
237 2601 410 2680 turbantur,
440 2612 472 2667 ut
491 2603 549 2666 duo
566 2601 697 2688 reliqna,
729 2614 825 2667 metus
845 2613 875 2666 et
895 2604 1067 2687 aegritudo,
1097 2605 1250 2670 malorum.

149 2796 169 2849 8
191 2798 288 2850 bicos.
307 2815 330 2849 c.
347 2797 377 2847 tt.
394 2798 420 2849 P.
439 2795 505 2849 curt
525 2796 548 2849 1.
573 2796 776 2865 Augprovulg.
793 2800 841 2848 dol.
856 2803 929 2861 lpttur
948 2802 1025 2850 buius.
1061 2801 1091 2849 V.
1111 2799 1176 2850 ndo.
1191 2801 1217 2850 io
1235 2802 1253 2851 l.

78 2863 173 2929 6,12.
206 2866 253 2917 Xl.
289 2865 346 2918 lv.
362 2864 428 2915 Adn.

76 2983 190 3036 &odem
198 2982 353 3035 rimbabent
366 2986 584 3048 {omnaepesrenom
598 2984 654 3035 Fin.
731 2988 822 3047 cuma,
848 3000 909 3048 puae
933 2992 966 3037 est
989 2990 1088 3039 immod
1111 2995 1188 3053 appet.
1213 3005 1252 3053 op.

77 3056 116 3112 ll,
133 3052 159 3105 n.
186 3061 213 3103 et
236 3051 293 3103 aliis
315 3049 386 3101 locis.
422 3052 555 3103 Nostrates
571 3052 655 3103 dicere
679 3057 951 3116 anapauomenon
967 3059 1143 3120 obtemperans,
1164 3060 1253 3108 uelau-

74 3120 159 3171 solent
174 3122 272 3183 spectes.
678 3123 769 3183 piditas
781 3127 841 3171 reete
853 3125 890 3171 uel
904 3124 977 3172 libido
990 3126 1039 3173 dici
1050 3126 1135 3194 potest]
1149 3125 1191 3175 Sic
1205 3142 1253 3191 ego

126 3192 164 3238 ael
185 3186 299 3255 munte]
325 3187 364 3237 De
385 3186 510 3237 Bouhierii
531 3187 655 3238 sententia
680 3204 746 3237 nunc
761 3187 909 3253 (inedtv.)
923 3190 1160 3251 scribendomdnsi,
1177 3210 1254 3258 prae-

76 3256 167 3308 ale.
179 3252 350 3315 seclusit‘elii
363 3254 503 3313 messenum
520 3254 654 3307 immerito.
680 3254 793 3305 euntibus
804 3255 912 3317 Derieis,
921 3258 1024 3318 Wolfio,
1034 3260 1175 3325 Tregdero.
1194 3260 1255 3308 Plu-

75 3322 214 3376 Aad'nmns
231 3318 381 3373 Nummum:
405 3323 476 3371 Haec
491 3323 538 3373 tria
562 3340 654 3389 genera
678 3322 733 3373 rimi
750 3323 824 3374 codd.
840 3335 866 3373 et
881 3325 987 3390 optimi,
1006 3336 1034 3373 ut
1049 3328 1079 3374 ll.
1096 3328 1124 3373 P.
1139 3324 1207 3372 Gud.
1223 3326 1253 3380 l..

75 3400 136 3442 sunt
151 3400 267 3441 motuum
282 3388 373 3447 animi,
391 3405 495 3457 quornm
511 3390 590 3456 primo
605 3408 654 3441 vo-
680 3391 811 3440 exhibent:
838 3396 914 3440 altem
932 3394 1050 3451 cupiditas
1065 3404 1126 3450 quae
1141 3394 1201 3437 recte
1218 3392 1257 3438 ast

76 3461 162 3526 lapsas
172 3454 401 3523 comprehenditur,
416 3474 479 3524 qnae
489 3458 589 3524 proprie
600 3474 655 3508 eam
680 3461 752 3507 libido
770 3460 818 3507 dici
836 3463 911 3517 potest
932 3471 993 3516 quae
1013 3461 1045 3503 est
1064 3456 1161 3503 immod.
1177 3461 1256 3517 appel.

78 3537 179 3595 partem
201 3522 312 3575 nammis
334 3523 452 3603 attingit,
480 3542 542 3592 quae
566 3540 656 3592 expers
681 3540 719 3585 op.
734 3538 766 3572 m.
784 3527 805 3571 b.
821 3529 868 3571 rat.
888 3537 936 3570 non
956 3524 1117 3581 obtemperans
1137 3523 1174 3569 vet
1191 3524 1257 3583 cupt-

76 3604 120 3649 est
130 3592 252 3652 ntionin
268 3590 341 3642 alteri
350 3592 463 3643 subrecta
475 3592 597 3659 cupiditas
609 3600 656 3651 est,
682 3593 745 3639 ditas
758 3594 818 3638 recte
832 3592 869 3638 aet
884 3590 956 3636 libido
970 3590 1019 3636 diat
1031 3593 1112 3648 potest.
1136 3586 1257 3638 Nonnulli

79 3677 150 3728 que
177 3658 315 3724 pnsum
343 3660 465 3710 rationem
496 3670 656 3725 aspernatur;
684 3654 759 3707 codd.
779 3664 806 3704 et
826 3654 947 3720 plurimae
969 3652 1026 3703 edd.
1045 3664 1106 3704 vett.
1128 3653 1194 3705 iuter
1217 3659 1257 3706 ab·

82 3726 165 3779 tutio
178 3724 284 3793 datque
296 3739 376 3778 metus
393 3737 420 3776 et
435 3726 581 3793 aegritudo,
599 3726 655 3792 qui·
683 3731 815 3785 temperans
831 3732 856 3771 et
878 3725 914 3771 uel
928 3725 1046 3784 cupiditas
1060 3722 1172 3772 inserunt
1188 3738 1256 3786 quat.

81 3797 130 3849 bns
146 3792 330 3859 rimbdninis
347 3795 411 3846 adeo
427 3805 608 3850 extenuantur,
632 3802 659 3841 ut
686 3792 756 3850 Quae
771 3788 852 3839 delevi
869 3789 959 3847 verba,
977 3788 1061 3841 addita
1076 3802 1134 3841 suut
1149 3808 1164 3841 a
1178 3790 1258 3841 libra-

79 3860 408 3930 obedirmtiouineqneat.
433 3861 661 3912 Etenimduohaec
686 3857 725 3907 rio
741 3856 885 3923 archetypi,
913 3856 954 3922 qui
977 3857 1082 3922 primum
1103 3870 1161 3924 post
1181 3862 1258 3909 altera

78 3946 175 4007 genere
187 3928 265 3979 animi
276 3941 388 3981 motuum
400 3930 446 3980 etsi
459 3930 496 3980 sio
509 3929 661 3995 conspirant,
686 3924 718 3974 ad
734 3927 862 3987 cupiditas,
879 3922 970 3973 deinde
985 3941 1060 3991 qnam
1076 3941 1103 3974 se
1117 3935 1259 3977 revocasset

77 4011 109 4051 at
127 4007 245 4049 neum
269 3998 360 4049 rationi
378 3997 495 4056 obediat,
523 3998 560 4047 itu
576 4008 660 4046 tamen
687 4003 713 4041 et
728 4008 789 4055 quae
804 3990 956 4058 scripsisset,
975 3992 1007 4042 ud
1020 3999 1079 4043 reale
1094 3995 1131 4044 uel
1145 3998 1218 4045 libido
1233 3996 1256 4043 d.

79 4066 214 4131 differunt,
232 4074 260 4114 nt
272 4065 298 4115 in
311 4065 391 4117 altero
404 4065 569 4123 contumacia,
585 4063 611 4113 in
621 4063 661 4113 al-
684 4065 758 4123 pottst
770 4058 908 4118 aberravit,
925 4061 960 4110 nti
975 4061 1101 4111 verissime
1115 4060 1259 4112 observavit

79 4148 138 4186 tero
153 4132 313 4183 irnbedllitas
325 4132 511 4183 inobedientiae
523 4132 556 4182 sit
567 4145 660 4181 caussa.
689 4131 831 4191 Wesenberp.
846 4130 899 4177 Em.
911 4130 929 4177 l.
945 4146 969 4195 p.
980 4129 1019 4187 6.,
1038 4130 1080 4208 ‹pui
1096 4130 1171 4179 etiam
1186 4144 1258 4178 rece-

131 4200 227 4267 elteltsr]
254 4199 370 4250 Davisius
392 4201 418 4249 iu
443 4200 483 4249 ed.
498 4204 523 4249 2.
552 4197 661 4249 correxit
686 4204 755 4263 ptam
779 4195 926 4263 scripturam
947 4197 1071 4263 probavit.
1108 4196 1169 4244 Cod.
1189 4196 1259 4259 Gry-

79 4272 212 4330 mattam,
236 4267 283 4317 sed
299 4267 325 4322 iu
342 4268 383 4318 ed.
397 4268 423 4320 3.
440 4272 522 4318 citetur
538 4266 660 4323 restitnit,
685 4263 791 4330 pbianus
808 4273 833 4312 et
849 4263 945 4330 aliquot
959 4262 1203 4314 edd.vett.habent:
1223 4262 1259 4309 al·

81 4338 196 4387 Etmsas
216 4332 329 4385 'sebatur
342 4335 474 4401 legendnm
489 4352 543 4383 ease
557 4338 662 4396 eaatur3
685 4338 736 4383 teta
759 4346 812 4392 cap.
835 4346 895 4394 qaae
914 4337 973 4381 recte
995 4333 1030 4378 nel
1053 4331 1093 4379 tib.
1115 4329 1163 4376 dici
1186 4332 1260 4387 potest

83 4402 173 4453 hub.
189 4352 231 4452 ii.
249 4402 322 4453 Faba.
343 4402 450 4453 llWoll'.
470 4402 496 4451 in
513 4418 592 4466 marg.
607 4416 662 4450 eon-
687 4403 794 4459 quaeest
809 4400 874 4447 imm.
889 4413 945 4459 app.
961 4412 999 4456 op.
1014 4410 1046 4443 m.
1062 4397 1084 4442 b.
1094 4408 1119 4470 f·
1135 4409 1159 4443 n.
1175 4397 1259 4445 obtem·

81 4474 175 4522 eilstr-
209 4473 244 4521 At
262 4471 358 4537 optime
374 4487 430 4520 sese
452 4470 529 4519 habet
549 4467 663 4519 codicum
685 4479 788 4527 perum,
810 4464 906 4514 omissis
924 4462 1004 4510 verbis
1021 4460 1113 4509 ultimus
1126 4463 1163 4511 vel
1179 4466 1259 4525 cupid.

79 4537 216 4606 scriptura.
235 4537 268 4587 de
283 4555 331 4605 qna
344 4541 421 4589 Moser
432 4538 532 4605 profert
545 4534 664 4585 Martini-
687 4537 746 4582 reale
762 4534 798 4582 ael
813 4536 853 4582 tto.
868 4535 897 4581 de
911 4546 936 4591 p.
972 4530 1043 4578 Hanc
1056 4527 1203 4596 scripturam
1218 4549 1260 4580 re-

79 4608 204 4685 hganse
218 4604 301 4656 sdan.
317 4605 351 4655 ad
369 4605 396 4655 C.
414 4622 472 4672 epp.
490 4603 522 4653 ad
539 4601 626 4653 Famil.
643 4604 662 4663 l,
689 4598 757 4665 cepit
780 4602 896 4658 Ovettita,
923 4596 967 4645 sed
990 4596 1075 4647 deleto
1099 4598 1181 4664 priore
1201 4613 1261 4661 auae

79 4676 105 4725 5.
121 4691 148 4725 tu
165 4672 278 4724 eschod
292 4675 311 4722 l.
336 4681 362 4721 et
384 4671 427 4722 Kl.
446 4671 544 4721 Annall.
564 4668 663 4721 Philoll.
687 4677 746 4734 post
760 4684 783 4715 v.
799 4668 925 4727 cupiditas.
942 4665 1050 4716 Mani.
1064 4665 1261 4732 aliiqueecoui.

81 4740 172 4821 Sappl.
196 4742 230 4790 ll.
247 4738 272 4791 3.
299 4758 324 4807 p.
341 4738 401 4791 373.
441 4739 550 4789 Verbum
573 4739 664 4788 mandi
688 4733 833 4784 ediderunt:
853 4735 990 4783 attenuet
1004 4749 1057 4797 cup.
1071 4751 1092 4785 r.
1108 4739 1145 4784 vel
1160 4739 1175 4785 l.
1190 4736 1214 4783 d.
1228 4749 1261 4795 p,

82 4808 209 4876 significet
232 4823 390 4874 provocare;
417 4805 471 4856 eliis
497 4805 559 4856 locis
583 4823 597 4854 a
619 4804 663 4853 Ci-
688 4817 794 4865 puae-
808 4805 974 4863 obtemperans.
998 4806 1068 4865 Erpo.
1093 4805 1217 4851 Klotat't
1236 4800 1262 4847 ia

86 4890 178 4928 mane
194 4875 228 4927 de
244 4875 359 4941 personis
376 4884 522 4940 usurpatur,
549 4872 600 4923 hoe
615 4888 663 4922 aa·
689 4869 754 4919 sud.
772 4886 797 4936 p.
815 4869 871 4920 131.
888 4868 1032 4919 coniectura
1047 4869 1101 4918 nine
1119 4868 1196 4918 dubio
1213 4866 1262 4914 iem

85 4952 138 4995 ten
151 4943 214 4995 laon
232 4941 266 4993 ad
282 4960 335 4993 reru
351 4942 500 4992 translatum
518 4950 564 4991 est.
690 4936 787 5005 pridem
804 4935 836 4987 ab
853 4935 909 5003 ipso
927 4947 966 4987 eat
983 4936 1083 4987 reiecta.

135 5008 241 5078 maan]
257 5010 289 5060 v.
308 5010 402 5061 adnot.
421 5009 448 5059 in
464 5004 607 5068 ι.11,30.
748 5006 771 5072 9,.
785 5004 828 5054 25.
863 5006 976 5055 mum
999 5007 1107 5067 episima
1128 4996 1261 5063 turbantur]
