2888 5512
228 294 292 360 tut
673 302 973 363 incolumia.

231 438 402 503 numerant,
428 445 465 486 ne
479 424 533 507 ipsi
550 423 664 506 quidem
680 422 804 484 honesta
816 420 933 498 dicunt3
959 420 1053 481 solnm
1071 419 1161 501 igitur
1176 419 1307 495 bunum,
1333 420 1405 500 quod

233 541 404 602 honestum:
436 555 476 596 ex
494 554 551 615 qno
575 533 715 607 elicitur,
746 531 900 593 honestate
925 550 982 591 unu
1001 530 1089 590 vitam
1110 528 1257 589 contineri
1281 528 1402 591 beatum.

232 646 302 710 Nou
320 656 389 707 sunt
407 643 497 727 igitur
513 661 549 703 eo
564 640 641 702 bona
655 641 777 701 dicendo
793 660 848 701 nee
866 638 1016 714 habendo,
1042 637 1145 720 quibus
1159 636 1358 700 abundantem
1371 636 1403 699 li-

232 766 282 818 cet
300 775 367 817 esse
388 751 595 814 miserrimum.
643 760 695 813 45.
719 749 769 812 An
793 749 929 825 dubitas,
961 747 1030 829 quin
1051 758 1207 830 praestans
1227 746 1400 823 valetudine,

232 865 363 940 viribus,
389 865 499 938 torma,
523 857 676 922 acerrimis
699 857 957 941 integerrimisque
978 857 1131 933 sensibus3
1156 856 1233 917 adde
1253 856 1358 934 etiam,
1377 856 1401 917 ci

231 974 313 1051 libet,
330 971 532 1055 pernicitatem
547 980 576 1030 et
587 968 793 1045 velocitatem
812 966 991 1042 dedivinus,
1012 966 1150 1040 bonores,
1170 966 1308 1048 imperia,
1324 985 1397 1048 opes,

232 1081 375 1165 gloriom3
403 1078 497 1140 —si
524 1077 679 1156 fueritis,
711 1081 759 1160 qni
785 1076 856 1139 boec
880 1077 986 1153 babet,
1017 1076 1161 1151 iniustus,
1194 1074 1399 1158 intemperans,

233 1193 362 1269 timidus,
387 1188 483 1252 hebeti
499 1187 617 1269 iugenio
634 1198 720 1269 utque
733 1187 825 1265 nullo,
849 1185 1033 1248 dubitabisne
1050 1204 1115 1247 eum
1132 1184 1275 1245 utiterum
1293 1185 1400 1246 diecret

234 1300 340 1383 Qualia
356 1300 446 1384 igitur
461 1296 517 1360 ista
534 1298 610 1358 boue
627 1308 711 1374 sunt,
736 1316 811 1380 quae
832 1296 880 1379 qui
901 1295 1023 1372 babeat,
1048 1293 1233 1356 miserrimus
1257 1314 1325 1358 csse
1342 1313 1402 1378 pos·

234 1410 291 1474 sit?
336 1408 516 1485 Videamus,
541 1428 597 1485 ue,
622 1417 653 1470 ut
668 1426 792 1470 acervus
806 1426 846 1468 ex
859 1405 904 1468 sui
919 1405 1037 1488 generis
1050 1403 1164 1487 granis,
1189 1403 1234 1465 sie
1251 1403 1338 1466 beata
1349 1404 1401 1465 rita

235 1542 275 1584 ex
291 1520 336 1584 sni
359 1519 502 1582 similibus
525 1516 656 1601 portibus
674 1515 747 1579 effici
774 1514 891 1578 debeat.
937 1511 1024 1595 Quod
1049 1513 1075 1577 si
1093 1513 1132 1575 ita
1153 1522 1217 1589 est,
1253 1534 1295 1577 ex
1314 1513 1401 1588 bouis,

234 1650 309 1713 quae
326 1630 389 1691 sola
406 1629 530 1690 bouesta
546 1637 631 1702 snut,
656 1625 838 1687 efficiendum
853 1635 899 1686 est
916 1623 1032 1687 beotmu
1045 1628 1081 1701 ⁶3
1104 1643 1140 1685 ea
1159 1622 1256 1685 mixtu
1272 1643 1310 1685 ex
1323 1622 1403 1684 dissi·

235 1738 350 1803 milibus
366 1737 390 1798 si
409 1746 512 1811 erunt,
543 1735 697 1796 honestum
715 1754 755 1796 ex
771 1733 833 1795 iis⁷
849 1734 923 1795 effici
940 1732 1012 1795 nihil
1029 1733 1153 1817 poterite
1184 1753 1244 1815 quo
1265 1732 1397 1809 detrecto,

234 1846 302 1929 quid
321 1845 427 1929 poterit
448 1843 565 1907 beatum
583 1842 726 1925 intelligit
755 1842 862 1904 etenim
882 1842 1016 1925 quiequid
1037 1852 1099 1919 est,
1130 1842 1209 1925 qnod
1228 1841 1333 1905 bonnm
1352 1840 1397 1918 sit,

233 1956 263 2018 id
278 1953 475 2038 expetendum
491 1962 557 2031 est3
581 1952 656 2035 quod
673 1963 772 2015 nutem
789 1952 1006 2036 expetendum,
1031 1952 1058 2013 id
1072 1961 1154 2014 certe
1170 1950 1399 2036 approbandum

237 2065 313 2148 quod
333 2083 405 2126 vero
421 2062 604 2146 approberis,
626 2061 654 2123 id
670 2070 784 2143 gratum
799 2071 1010 2144 acceptumque
1024 2059 1207 2123 uouendum:
1235 2080 1307 2144 ergo
1325 2060 1401 2122 etiam

302 2234 320 2287 6
337 2256 360 2287 r.
371 2235 436 2287 Ado.
470 2231 487 2285 7
505 2235 547 2284 Sic
561 2232 663 2285 nont.
682 2234 768 2287 Duiah.
783 2253 863 2302 murg-
878 2238 931 2287 MS.
949 2236 988 2287 ed.
1007 2241 1062 2287 Arc.
1069 2234 1095 2289 2.
1112 2236 1172 2288 edd.
1189 2247 1253 2290 rett.
1271 2238 1345 2296 S.E.;
1362 2239 1400 2287 Or.

236 2322 257 2355 e.
275 2305 340 2370 vulg.
357 2305 401 2352 tn.
435 2303 467 2350 V.
484 2299 517 2350 ud
531 2303 550 2353 1.
563 2298 594 2362 3,
612 2301 636 2351 b.

236 2403 303 2455 Tull.
322 2404 353 2465 ll,
369 2402 394 2456 3.
411 2400 503 2469 ptus.
530 2401 563 2453 11.
576 2410 603 2451 et
618 2419 663 2453 nos
680 2402 705 2453 iu
723 2402 768 2453 Gr.
779 2404 810 2454 1..
887 2407 991 2471 beatum]
1011 2407 1094 2457 Eme
1110 2404 1403 2469 consuetuerpenoen

235 2472 258 2539 §.
271 2470 333 2532 113,
354 2471 376 2521 1.
836 2478 869 2523 eal
884 2476 972 2523 beatum
1008 2478 1042 2523 nt
1057 2472 1112 2540 quic
1127 2490 1239 2540 unquom
1253 2472 1329 2522 dixit:
1348 2472 1402 2522 beu-

286 2539 446 2590 ebuoduntent
460 2540 522 2604 licet]
542 2538 573 2589 V.
591 2536 623 2586 ad
642 2538 660 2588 l.
677 2536 724 2597 38,
742 2535 784 2589 91.
835 2548 876 2588 tue
891 2539 999 2590 eflicitur
1012 2557 1043 2589 ex
1058 2539 1151 2590 bouis?
1171 2540 1208 2589 nti
1223 2538 1402 2590 reeteWullim

288 2603 361 2672 §.lin
388 2610 425 2656 Ao
438 2605 543 2671 dumus]
568 2604 654 2655 Oratio
670 2599 811 2658 duexe‘leu-
835 2606 916 2657 addit.
947 2611 1047 2657 Rectum
1069 2607 1095 2657 h.
1112 2608 1129 2659 l.
1154 2606 1249 2657 dicitur
1264 2605 1404 2657 cubatoutiri

237 2674 282 2731 3ος
299 2681 352 2732 eat,
378 2689 442 2750 pune
457 2672 491 2722 ad
507 2671 644 2737 legitimam
660 2681 811 2722 structurum
834 2673 907 2735 luco.
933 2671 962 2727 td
979 2673 1115 2740 μακάριον,
1133 2685 1162 2724 ut
1179 2675 1237 2726 Flo.
1255 2676 1286 2727 V.
1304 2669 1401 2732 ’2111111

236 2748 354 2789 revocato
368 2756 405 2787 are
420 2739 553 2788 decurrere
568 2738 689 2787 debebat:
709 2739 811 2789 Audu-
835 2741 968 2802 virtutem,
994 2742 1020 2792 iu
1038 2760 1086 2808 qne
1103 2741 1137 2791 ait
1154 2740 1236 2809 ipsum
1255 2742 1329 2792 etiam
1346 2740 1402 2790 bea-

235 2805 310 2864 bitea,
329 2804 388 2871 quin
404 2813 532 2869 precatum
550 2805 646 2866 val.-‚
664 2804 764 2855 elidem
775 2807 810 2856 ait
834 2818 901 2859 tum:
918 2809 960 2859 ubi
977 2810 1012 2859 cf.
1031 2814 1140 2859 Goeretrz.
1159 2827 1184 2876 p.
1192 2808 1255 2861 637.
1284 2807 1402 2859 amnone

234 2872 339 2924 iniustus
357 2898 406 2932 -‚
422 2871 497 2921 miter
512 2871 553 2921 ait.
834 2874 884 2925 tul.
902 2876 985 2927 verbis
1002 2881 1052 2927 vitu
1069 2880 1137 2925 beuta
1154 2878 1188 2927 ub
1202 2876 1278 2927 nimia
1290 2877 1402 2943 frequen·

287 2943 307 2989 ri
324 2942 405 3004 furti]
433 2937 553 2989 Futurum
570 2947 683 2988 exactum
699 2939 808 3007 potitum
833 2952 885 2992 tem
902 2960 988 2993 eorum
1004 2960 1147 3001 recuraum3
1172 2944 1278 2994 uomina
1294 2946 1402 2996 metit

233 3018 276 3075 ‘cat
292 3008 324 3058 ub
340 3024 394 3073 aeq.
411 3005 459 3057 fot.
479 3009 634 3058 dubitabitne.
833 3019 860 3059 et
875 3013 1026 3061 beatitudine]
1038 3020 1127 3076 postea
1135 3010 1240 3060 demum
1252 3011 1357 3071 effinxit,
1372 3007 1401 3058 de

285 3079 359 3127 bebett
372 3079 465 3138 tepente
480 3080 550 3138 utque
567 3074 642 3153 nullu]
669 3073 809 3125 observent
833 3076 921 3143 quibus
936 3077 968 3127 de
984 3079 1015 3127 N.
1030 3080 1061 3127 D.
1076 3079 1097 3127 1.
1112 3082 1134 3145 t.
1144 3076 1187 3129 96.
1202 3077 1260 3144 ipae
1277 3080 1329 3130 eie:
1344 3086 1400 3139 „cut

235 3143 331 3195 tirouea
348 3142 497 3192 intenairam
524 3142 562 3193 rel
584 3151 668 3207 potrus
684 3142 809 3193 auctivam
833 3145 881 3195 iata
897 3144 950 3194 aire
974 3147 1073 3195 dealiter
1095 3145 1149 3195 cire
1167 3149 1289 3197 beatam
1304 3143 1403 3196 dicenda

255 3209 373 3259 cuticulae
389 3216 460 3272 utque
475 3210 533 3260 vim.
559 3210 592 3260 de
610 3210 687 3277 Legg.
705 3212 747 3260 lll.
767 3209 807 3269 tt,
834 3222 873 3261 eat
891 3216 1032 3290 tetrumque
1050 3211 1153 3263 omuino
1171 3212 1280 3273 durum,
1303 3212 1347 3263 sed
1364 3226 1403 3261 mu

235 3228 283 3327 dl:
309 3275 386 3341 pauci
404 3283 474 3338 utque
498 3277 633 3327 admodum
654 3277 740 3344 pauci:
767 3277 808 3327 ubi
833 3278 969 3329 mollienda
994 3278 1070 3329 verbu
1094 3281 1191 3343 tunt).“
1229 3280 1270 3329 Cf.
1290 3278 1403 3331 Wolfium

235 3341 306 3459 plpplrn
316 3342 429 3409 exemplu
441 3344 592 3412 constipavit
600 3348 709 3396 Geereot.
717 3362 743 3412 p.
750 3343 808 3396 260.
834 3357 860 3395 et
877 3346 1010 3408 omnium,
1028 3346 1071 3413 qui
1088 3344 1210 3408 Quinctil.
1230 3348 1300 3398 Vnt.
1315 3346 1347 3409 d,
1363 3346 1403 3398 32.

289 3444 295 3457 .
316 3410 369 3459 Cot.
386 3411 434 3472 bl,
451 3412 496 3461 10:
522 3430 561 3463 ree
577 3421 649 3462 teuto
666 3418 736 3476 utque
757 3423 809 3463 tam
834 3424 970 3481 comperet.

235 3484 321 3527 atron
351 3476 393 3526 ubi
410 3493 433 3525 r.
451 3480 570 3530 Kriteium
592 3496 618 3547 p.
634 3477 694 3530 ‘242
728 3483 808 3531 tione.
882 3483 993 3545 quiequid
1003 3482 1328 3545 ett,pnodbcnumttetel
1344 3482 1402 3529 Bre-

234 3540 341 3593 Tuom.
360 3546 378 3593 Ι.
396 3560 422 3607 ρ.
436 3540 533 3611 tudaq.
551 3557 577 3597 et
600 3563 646 3596 noa
668 3546 694 3596 in
712 3548 756 3596 Gr.
776 3548 806 3600 1..
833 3548 886 3599 rim
905 3549 958 3600 Fiu.
977 3550 1020 3599 ΙΙΙ.
1036 3554 1067 3608 u,
1085 3549 1133 3602 27:
1158 3549 1234 3612 Quod
1251 3558 1289 3599 eet
1305 3549 1400 3605 boum

235 3607 258 3667 1-
270 3604 332 3665 ¹35,
347 3609 372 3656 Ἰ·
396 3611 481 3659 Nullust
497 3628 573 3678 saepe
589 3609 649 3665 καθ’
665 3609 807 3682 ὑπερβολὴν
833 3633 908 3667 omne
921 3615 1046 3667 laudabile
1060 3625 1114 3675 ωας
1131 3616 1203 3734 paud
1217 3626 1298 3668 auten
1313 3612 1396 3663 unda-

235 3660 327 3722 dicitur
348 3670 381 3720 de
397 3673 469 3721 rebut
492 3678 583 3727 uulliua
601 3680 690 3745 pretii,
717 3680 807 3730 nulliua
832 3683 883 3733 bile
900 3694 953 3743 est,
979 3700 1053 3734 omne
1078 3694 1118 3733 eat
1153 3694 1280 3741 oueatuw'
1305 3682 1398 3729 Bonum

234 3737 363 3791 momenti
382 3737 468 3817 l‘erad.
485 3743 529 3790 Ν.
546 3744 568 3801 l,
582 3744 631 3795 ’ὧι
650 3746 737 3809 ltaque
746 3746 806 3811 pul·
832 3750 907 3815 igitur
924 3751 992 3818 quud
1009 3760 1056 3810 ent,
1072 3750 1206 3803 honestum
1220 3732 1399 3799 *Midoe-

233 3825 274 3858 aue
298 3825 346 3875 ego
368 3814 469 3857 mittete
491 3823 543 3856 noo
565 3824 634 3867 sum,
661 3824 724 3875 quoe
739 3815 808 3861 oudo
830 3830 894 3866 reue.
912 3836 993 3885 comp.
1016 3817 1140 3871 Plutarch.
1158 3816 1231 3869 stuic.
1245 3808 1358 3882 llepugo.
1375 3831 1401 3880 p.

234 3887 303 3935 erat3
321 3874 451 3926 urcecaitus
464 3873 491 3924 in
508 3874 634 3926 civitatem
650 3894 712 3937 eum,
731 3895 806 3945 quum
834 3882 915 3933 1039:
941 3882 970 3939 τὸ
991 3878 1087 3950 ἀγαθὸν
1111 3904 1129 3938 α
1156 3882 1223 3939 trit·
1249 3880 1280 3935 td
1297 3877 1319 3933 δ’
1335 3883 1400 3965 eime-

235 3954 301 3995 eoaet
315 3945 340 3994 in
357 3943 484 4011 republica
499 3945 594 4005 eonem,
613 3945 807 4012 quitumnuttue
830 3947 875 4002 τὸν
897 3945 914 4003 ui
932 3950 1019 4006 turdo·
1042 3948 1072 4004 ed
1087 3949 1113 4007 δ’
1129 3949 1239 4019 uecordi
1263 3948 1401 4004 duceretur·

234 4008 333 4088 lueret.
360 4015 390 4062 V.
406 4015 558 4075 sementum.
575 4011 601 4061 iu
618 4014 756 4064 Commeat.
773 4016 805 4066 ll.
830 4014 860 4070 τὸ
873 4011 897 4071 δ’
907 3970 1034 4073 darneto
1052 4019 1136 4074 καλόν.
1150 4017 1401 4071 Τοππιπιοπη.6ειάι.

233 4075 266 4125 ad
285 4077 357 4127 Ollrc.
376 4096 402 4144 p.
419 4079 473 4131 193.
831 4084 856 4134 d.
868 4085 931 4136 Phil.
942 4089 972 4138 T.
984 4090 1026 4138 tv.
1035 4104 1059 4154 p.
1067 4090 1101 4140 83
1110 4106 1148 4154 sq.
1159 4096 1286 4154 provocat
1293 4087 1325 4136 ed
1334 4086 1399 4149 Diog.

285 4145 425 4203 thecmue,
442 4146 481 4213 oe]
499 4147 531 4199 V.
549 4146 581 4198 ud
599 4150 617 4198 1.
635 4144 678 4208 34,
694 4148 736 4201 83.
831 4152 917 4202 Luert.
939 4154 963 4214 7,
983 4155 1039 4206 101.
1067 4155 1250 4206 coniunctione
1266 4159 1297 4205 eit
1310 4154 1344 4204 ita
1357 4168 1400 4199 ex·

253 4274 259 4287 .
284 4212 393 4275 nomena]
406 4212 478 4287 'ilinc
491 4232 569 4278 genno
582 4215 644 4267 illud
654 4215 805 4266 cuncludeu·
830 4219 961 4284 plieaudus
980 4231 1031 4271 eet:
1059 4222 1179 4290 quiequid
1201 4233 1243 4272 eat
1264 4226 1299 4272 itu
1311 4232 1400 4281 mm·

232 4273 346 4341 dr,qnod
361 4286 451 4325 eontee
466 4282 615 4345 appellatur,
634 4282 805 4334 cuiusiuveu·
829 4292 924 4349 rutum,
949 4294 975 4337 ut
993 4294 1078 4339 bonum
1100 4295 1137 4340 att.
1174 4290 1259 4340 Aliter
1282 4306 1310 4339 oc
1330 4286 1403 4338 babet

231 4352 275 4393 tor
292 4340 444 4423 Cbrpsippus
459 4353 498 4392 eet
515 4349 708 4411 [v.Guerene.ud
724 4350 803 4428 Lepg.
829 4350 907 4412 leena,
926 4355 968 4419 qui
982 4355 1073 4422 legitur
1087 4358 1105 4406 l.
1119 4357 1162 4417 33,
1176 4362 1228 4407 ten:
1248 4370 1403 4424 quaecumque

231 4411 251 4460 1.
265 4410 303 4468 tn,
323 4406 386 4469 lul,
406 4426 495 4460 nomeu
513 4430 585 4462 turim
604 4416 715 4473 invenit.
736 4434 803 4466 curua
828 4430 895 4478 aunt,
914 4438 977 4486 qnae
994 4450 1029 4461 —
1044 4426 1151 4487 {ments
1170 4424 1213 4474 ubi
1231 4444 1255 4476 v.
1270 4425 1402 4476 Adnotatu.

230 4477 369 4544 exemplum
385 4477 470 4543 paullo
484 4491 544 4544 post
558 4483 684 4547 sequitur:
704 4484 804 4537 Etenim
879 4486 939 4536 cn.
956 4490 1026 4540 XVl.
1051 4494 1074 4558 ξ.
1085 4491 1128 4544 16.
1149 4508 1212 4555 parce
1227 4500 1283 4544 sunt
1298 4488 1403 4554 moino}

226 4549 338 4611 quemodo
357 4576 387 4585 —
406 4550 431 4597 td
448 4551 478 4597 eit
494 4550 570 4600 aetum
586 4553 679 4602 bonum.
828 4552 1402 4627 Neidinslegendummspieeturcetetonem·
