<?xml version="1.0" encoding="UTF-8"?>
<!DOCTYPE html PUBLIC "-//W3C//DTD XHTML 1.0 Transitional//EN"
    "http://www.w3.org/TR/xhtml1/DTD/xhtml1-transitional.dtd">
<html xmlns="http://www.w3.org/1999/xhtml" xml:lang="en" lang="en">
 <head>
  <title>
</title>
<meta http-equiv="Content-Type" content="text/html;charset=utf-8" />
  <meta name='ocr-system' content='tesseract 3.04.00' />
  <meta name='ocr-capabilities' content='ocr_page ocr_carea ocr_par ocr_line ocrx_word'/>
</head>
<body>
  <div class='ocr_page' id='page_1' title='image "./mtulliiciceroni00khgoog_0065.png"; bbox 0 0 2888 5512; ppageno 0'>
   <div class='ocr_carea' id='block_1_1' title="bbox 232 311 953 379">
    <p class='ocr_par' dir='ltr' id='par_1_1' title="bbox 232 311 953 379">
     <span class='ocr_line' id='line_1_1' title="bbox 232 311 953 379; baseline -0.008 -15"><span class='ocrx_word' id='word_1_1' title='bbox 232 314 275 379; x_wconf 72' lang='lat'><strong>34</strong></span> <span class='ocrx_word' id='word_1_2' title='bbox 689 311 953 367; x_wconf 79' lang='lat' dir='ltr'><strong>rnonnoourns.</strong></span> 
     </span>
    </p>
   </div>
   <div class='ocr_carea' id='block_1_2' title="bbox 232 420 1414 2241">
    <p class='ocr_par' dir='ltr' id='par_1_2' title="bbox 232 420 1414 2241">
     <span class='ocr_line' id='line_1_2' title="bbox 235 420 1414 521; baseline -0.017 -11"><span class='ocrx_word' id='word_1_3' title='bbox 235 453 344 510; x_wconf 83' lang='lat' dir='ltr'><strong>bonurn</strong></span> <span class='ocrx_word' id='word_1_4' title='bbox 366 444 489 520; x_wconf 77' lang='lat' dir='ltr'>aliquod</span> <span class='ocrx_word' id='word_1_5' title='bbox 512 450 630 521; x_wconf 84' lang='lat' dir='ltr'><strong>praeter</strong></span> <span class='ocrx_word' id='word_1_6' title='bbox 654 420 810 508; x_wconf 74' lang='lat' dir='ltr'><strong>sistolen,</strong></span> <span class='ocrx_word' id='word_1_7' title='bbox 839 446 937 493; x_wconf 83' lang='lat' dir='ltr'><strong>tensen</strong></span> <span class='ocrx_word' id='word_1_8' title='bbox 956 434 1072 491; x_wconf 75' lang='lat' dir='ltr'><strong>virtute</strong></span> <span class='ocrx_word' id='word_1_9' title='bbox 1091 432 1183 490; x_wconf 73' lang='lat' dir='ltr'><strong>vitam</strong></span> <span class='ocrx_word' id='word_1_10' title='bbox 1199 433 1318 490; x_wconf 80' lang='lat' dir='ltr'><strong>beatam</strong></span> <span class='ocrx_word' id='word_1_11' title='bbox 1339 434 1414 491; x_wconf 75' lang='lat' dir='ltr'><strong>ellici</strong></span> 
     </span>
     <span class='ocr_line' id='line_1_3' title="bbox 233 533 1413 622; baseline -0.014 -13"><span class='ocrx_word' id='word_1_12' title='bbox 233 558 379 609; x_wconf 73' lang='lat' dir='ltr'><strong>mussant.</strong></span> <span class='ocrx_word' id='word_1_13' title='bbox 401 567 428 603; x_wconf 88' lang='lat' dir='ltr'><strong>c.</strong></span> <span class='ocrx_word' id='word_1_14' title='bbox 445 550 477 604; x_wconf 81' lang='grc'><em>8.</em></span> <span class='ocrx_word' id='word_1_15' title='bbox 498 541 530 622; x_wconf 90' lang='grc'><em>5.</em></span> <span class='ocrx_word' id='word_1_16' title='bbox 544 549 596 603; x_wconf 74' lang='lat' dir='ltr'><strong>et.</strong></span> <span class='ocrx_word' id='word_1_17' title='bbox 640 539 809 599; x_wconf 79' lang='lat' dir='ltr'><strong>hseenlitur</strong></span> <span class='ocrx_word' id='word_1_18' title='bbox 826 538 858 595; x_wconf 94' lang='lat' dir='ltr'><strong>in</strong></span> <span class='ocrx_word' id='word_1_19' title='bbox 874 537 933 594; x_wconf 88' lang='lat' dir='ltr'><strong>hoc</strong></span> <span class='ocrx_word' id='word_1_20' title='bbox 950 535 1054 595; x_wconf 86' lang='lat' dir='ltr'><strong>Cicero</strong></span> <span class='ocrx_word' id='word_1_21' title='bbox 1070 533 1245 592; x_wconf 71' lang='lat' dir='ltr'><strong>adversario</strong></span> <span class='ocrx_word' id='word_1_22' title='bbox 1262 534 1413 593; x_wconf 85' lang='lat' dir='ltr'><strong>ostendit-</strong></span> 
     </span>
     <span class='ocr_line' id='line_1_4' title="bbox 234 634 1413 731; baseline -0.013 -22"><span class='ocrx_word' id='word_1_23' title='bbox 234 670 306 731; x_wconf 89' lang='lat' dir='ltr'><strong>que,</strong></span> <span class='ocrx_word' id='word_1_24' title='bbox 333 666 423 726; x_wconf 89' lang='lat' dir='ltr'><strong>quam</strong></span> <span class='ocrx_word' id='word_1_25' title='bbox 446 647 649 704; x_wconf 68' lang='lat' dir='ltr'><strong>inconstantes</strong></span> <span class='ocrx_word' id='word_1_26' title='bbox 669 642 720 701; x_wconf 90' lang='lat' dir='ltr'><strong>isti</strong></span> <span class='ocrx_word' id='word_1_27' title='bbox 744 638 921 719; x_wconf 79' lang='lat' dir='ltr'><strong>philosophi</strong></span> <span class='ocrx_word' id='word_1_28' title='bbox 942 639 1012 696; x_wconf 89' lang='lat' dir='ltr'><strong>sint.</strong></span> <span class='ocrx_word' id='word_1_29' title='bbox 1056 638 1144 709; x_wconf 81' lang='lat' dir='ltr'><strong>illem,</strong></span> <span class='ocrx_word' id='word_1_30' title='bbox 1171 635 1225 713; x_wconf 89' lang='lat' dir='ltr'><strong>qui</strong></span> <span class='ocrx_word' id='word_1_31' title='bbox 1241 634 1345 694; x_wconf 89' lang='lat' dir='ltr'><strong>heatus</strong></span> <span class='ocrx_word' id='word_1_32' title='bbox 1363 646 1413 710; x_wconf 86' lang='lat' dir='ltr'><strong>est,</strong></span> 
     </span>
     <span class='ocr_line' id='line_1_5' title="bbox 232 737 1411 827; baseline -0.012 -17"><span class='ocrx_word' id='word_1_33' title='bbox 232 750 309 810; x_wconf 87' lang='lat' dir='ltr'><strong>nihil</strong></span> <span class='ocrx_word' id='word_1_34' title='bbox 324 749 469 827; x_wconf 75' lang='lat' dir='ltr'><strong>requirit,</strong></span> <span class='ocrx_word' id='word_1_35' title='bbox 490 757 527 806; x_wconf 89' lang='lat' dir='ltr'><strong>ut</strong></span> <span class='ocrx_word' id='word_1_36' title='bbox 541 746 581 804; x_wconf 93' lang='lat' dir='ltr'><strong>sit</strong></span> <span class='ocrx_word' id='word_1_37' title='bbox 596 744 728 819; x_wconf 77' lang='lat' dir='ltr'><strong>besti0r3</strong></span> <span class='ocrx_word' id='word_1_38' title='bbox 749 742 775 800; x_wconf 89' lang='lat' dir='ltr'><strong>si</strong></span> <span class='ocrx_word' id='word_1_39' title='bbox 787 750 832 799; x_wconf 89' lang='lat' dir='ltr'><strong>est</strong></span> <span class='ocrx_word' id='word_1_40' title='bbox 847 740 939 812; x_wconf 86' lang='lat' dir='ltr'><strong>enim,</strong></span> <span class='ocrx_word' id='word_1_41' title='bbox 962 738 1046 816; x_wconf 87' lang='lat' dir='ltr'><strong>quod</strong></span> <span class='ocrx_word' id='word_1_42' title='bbox 1055 738 1147 810; x_wconf 86' lang='lat' dir='ltr'><strong>desit,</strong></span> <span class='ocrx_word' id='word_1_43' title='bbox 1170 756 1208 795; x_wconf 91' lang='lat' dir='ltr'><strong>ns</strong></span> <span class='ocrx_word' id='word_1_44' title='bbox 1221 737 1327 796; x_wconf 88' lang='lat' dir='ltr'><strong>beatus</strong></span> <span class='ocrx_word' id='word_1_45' title='bbox 1341 738 1411 815; x_wconf 91' lang='lat' dir='ltr'><strong>qui-</strong></span> 
     </span>
     <span class='ocr_line' id='line_1_6' title="bbox 233 839 1411 923; baseline -0.013 -10"><span class='ocrx_word' id='word_1_46' title='bbox 233 854 298 913; x_wconf 85' lang='lat' dir='ltr'><strong>dem</strong></span> <span class='ocrx_word' id='word_1_47' title='bbox 315 860 369 910; x_wconf 81' lang='lat' dir='ltr'><strong>est.</strong></span> <span class='ocrx_word' id='word_1_48' title='bbox 412 850 514 921; x_wconf 82' lang='lat' dir='ltr'><strong>Quum</strong></span> <span class='ocrx_word' id='word_1_49' title='bbox 531 866 604 906; x_wconf 85' lang='lat' dir='ltr'><strong>vero</strong></span> <span class='ocrx_word' id='word_1_50' title='bbox 626 845 686 904; x_wconf 88' lang='lat' dir='ltr'><strong>tria</strong></span> <span class='ocrx_word' id='word_1_51' title='bbox 704 862 811 923; x_wconf 83' lang='lat' dir='ltr'><strong>genens</strong></span> <span class='ocrx_word' id='word_1_52' title='bbox 829 843 974 900; x_wconf 86' lang='lat' dir='ltr'><strong>malorum</strong></span> <span class='ocrx_word' id='word_1_53' title='bbox 989 860 1051 899; x_wconf 85' lang='lat' dir='ltr'><strong>esse</strong></span> <span class='ocrx_word' id='word_1_54' title='bbox 1069 840 1185 914; x_wconf 74' lang='lat' dir='ltr'><strong>dicant,</strong></span> <span class='ocrx_word' id='word_1_55' title='bbox 1209 841 1261 916; x_wconf 91' lang='lat' dir='ltr'><strong>qui</strong></span> <span class='ocrx_word' id='word_1_56' title='bbox 1280 839 1411 899; x_wconf 87' lang='lat' dir='ltr'><strong>duorum</strong></span> 
     </span>
     <span class='ocr_line' id='line_1_7' title="bbox 234 942 1410 1033; baseline -0.013 -20"><span class='ocrx_word' id='word_1_57' title='bbox 234 972 373 1033; x_wconf 81' lang='lat' dir='ltr'><strong>generum</strong></span> <span class='ocrx_word' id='word_1_58' title='bbox 387 950 470 1009; x_wconf 82' lang='lat' dir='ltr'><strong>mulis</strong></span> <span class='ocrx_word' id='word_1_59' title='bbox 489 949 627 1009; x_wconf 88' lang='lat' dir='ltr'><strong>omnibus</strong></span> <span class='ocrx_word' id='word_1_60' title='bbox 638 957 793 1024; x_wconf 83' lang='lat' dir='ltr'><strong>urgeatur,</strong></span> <span class='ocrx_word' id='word_1_61' title='bbox 815 953 845 1003; x_wconf 88' lang='lat' dir='ltr'><strong>et</strong></span> <span class='ocrx_word' id='word_1_62' title='bbox 860 945 982 1002; x_wconf 78' lang='lat' dir='ltr'><strong>fortune</strong></span> <span class='ocrx_word' id='word_1_63' title='bbox 997 942 1131 1014; x_wconf 84' lang='lat' dir='ltr'><strong>adverse,</strong></span> <span class='ocrx_word' id='word_1_64' title='bbox 1153 950 1182 999; x_wconf 88' lang='lat' dir='ltr'><strong>et</strong></span> <span class='ocrx_word' id='word_1_65' title='bbox 1196 942 1337 1019; x_wconf 86' lang='lat' dir='ltr'><strong>corporis</strong></span> <span class='ocrx_word' id='word_1_66' title='bbox 1352 942 1410 999; x_wconf 92' lang='lat' dir='ltr'><strong>do·</strong></span> 
     </span>
     <span class='ocr_line' id='line_1_8' title="bbox 234 1042 1410 1127; baseline -0.011 -13"><span class='ocrx_word' id='word_1_67' title='bbox 234 1055 358 1127; x_wconf 91' lang='lat' dir='ltr'><strong>loribus,</strong></span> <span class='ocrx_word' id='word_1_68' title='bbox 379 1052 407 1111; x_wconf 88' lang='lat' dir='ltr'><strong>ei</strong></span> <span class='ocrx_word' id='word_1_69' title='bbox 421 1052 516 1110; x_wconf 87' lang='lat' dir='ltr'><strong>multa</strong></span> <span class='ocrx_word' id='word_1_70' title='bbox 533 1051 570 1109; x_wconf 88' lang='lat' dir='ltr'><strong>ed</strong></span> <span class='ocrx_word' id='word_1_71' title='bbox 588 1051 702 1109; x_wconf 81' lang='lat' dir='ltr'><strong>beatem</strong></span> <span class='ocrx_word' id='word_1_72' title='bbox 718 1048 811 1106; x_wconf 85' lang='lat' dir='ltr'><strong>vitam</strong></span> <span class='ocrx_word' id='word_1_73' title='bbox 824 1046 922 1104; x_wconf 83' lang='lat' dir='ltr'><strong>deesse</strong></span> <span class='ocrx_word' id='word_1_74' title='bbox 937 1045 1077 1118; x_wconf 86' lang='lat' dir='ltr'><strong>dicemus,</strong></span> <span class='ocrx_word' id='word_1_75' title='bbox 1100 1063 1160 1101; x_wconf 93' lang='lat' dir='ltr'><strong>non</strong></span> <span class='ocrx_word' id='word_1_76' title='bbox 1176 1042 1266 1101; x_wconf 87' lang='lat' dir='ltr'><strong>modo</strong></span> <span class='ocrx_word' id='word_1_77' title='bbox 1283 1043 1323 1101; x_wconf 87' lang='lat' dir='ltr'><strong>ad</strong></span> <span class='ocrx_word' id='word_1_78' title='bbox 1339 1045 1410 1102; x_wconf 87' lang='lat' dir='ltr'><strong>bea-</strong></span> 
     </span>
     <span class='ocr_line' id='line_1_9' title="bbox 235 1143 1411 1239; baseline -0.009 -25"><span class='ocrx_word' id='word_1_79' title='bbox 235 1157 383 1215; x_wconf 73' lang='lat' dir='ltr'><strong>tissimum.</strong></span> <span class='ocrx_word' id='word_1_80' title='bbox 392 1151 429 1232; x_wconf 95' lang='grc'><em>5</em></span> <span class='ocrx_word' id='word_1_81' title='bbox 444 1160 496 1213; x_wconf 74' lang='lat'><strong>22.</strong></span> <span class='ocrx_word' id='word_1_82' title='bbox 512 1158 563 1213; x_wconf 71' lang='grc'><em>13.</em></span> <span class='ocrx_word' id='word_1_83' title='bbox 593 1149 786 1210; x_wconf 72' lang='lat' dir='ltr'><strong>Constantior</strong></span> <span class='ocrx_word' id='word_1_84' title='bbox 801 1158 881 1206; x_wconf 86' lang='lat' dir='ltr'><strong>certe</strong></span> <span class='ocrx_word' id='word_1_85' title='bbox 893 1146 949 1205; x_wconf 88' lang='lat' dir='ltr'><strong>sibi</strong></span> <span class='ocrx_word' id='word_1_86' title='bbox 962 1156 1005 1239; x_wconf 71' lang='lat' dir='ltr'><strong>est</strong></span> <span class='ocrx_word' id='word_1_87' title='bbox 1018 1143 1254 1223; x_wconf 75' lang='lat' dir='ltr'><strong>Theophrastus,</strong></span> <span class='ocrx_word' id='word_1_88' title='bbox 1277 1145 1330 1222; x_wconf 90' lang='lat' dir='ltr'><strong>qui</strong></span> <span class='ocrx_word' id='word_1_89' title='bbox 1345 1145 1411 1204; x_wconf 87' lang='lat' dir='ltr'><strong>aliis</strong></span> 
     </span>
     <span class='ocr_line' id='line_1_10' title="bbox 234 1247 1410 1333; baseline -0.009 -18"><span class='ocrx_word' id='word_1_90' title='bbox 234 1257 363 1315; x_wconf 85' lang='lat' dir='ltr'><strong>eiusdem</strong></span> <span class='ocrx_word' id='word_1_91' title='bbox 381 1253 556 1333; x_wconf 73' lang='lat' dir='ltr'><strong>disciplinis</strong></span> <span class='ocrx_word' id='word_1_92' title='bbox 575 1250 765 1331; x_wconf 85' lang='lat' dir='ltr'><strong>philosophis</strong></span> <span class='ocrx_word' id='word_1_93' title='bbox 783 1249 935 1309; x_wconf 86' lang='lat' dir='ltr'><strong>notandus</strong></span> <span class='ocrx_word' id='word_1_94' title='bbox 954 1266 1015 1307; x_wconf 94' lang='lat' dir='ltr'><strong>non</strong></span> <span class='ocrx_word' id='word_1_95' title='bbox 1034 1255 1111 1305; x_wconf 85' lang='lat' dir='ltr'><strong>erat:</strong></span> <span class='ocrx_word' id='word_1_96' title='bbox 1138 1247 1208 1323; x_wconf 89' lang='lat' dir='ltr'><strong>qui,</strong></span> <span class='ocrx_word' id='word_1_97' title='bbox 1238 1266 1333 1324; x_wconf 89' lang='lat' dir='ltr'><strong>quum</strong></span> <span class='ocrx_word' id='word_1_98' title='bbox 1349 1256 1410 1305; x_wconf 86' lang='lat' dir='ltr'><strong>sts-</strong></span> 
     </span>
     <span class='ocr_line' id='line_1_11' title="bbox 236 1347 1412 1432; baseline -0.008 -16"><span class='ocrx_word' id='word_1_99' title='bbox 236 1357 358 1432; x_wconf 87' lang='lat' dir='ltr'><strong>tuisset,</strong></span> <span class='ocrx_word' id='word_1_100' title='bbox 389 1356 508 1414; x_wconf 87' lang='lat' dir='ltr'><strong>dolores</strong></span> <span class='ocrx_word' id='word_1_101' title='bbox 532 1353 670 1432; x_wconf 88' lang='lat' dir='ltr'><strong>corporis</strong></span> <span class='ocrx_word' id='word_1_102' title='bbox 693 1361 723 1412; x_wconf 91' lang='lat' dir='ltr'><strong>et</strong></span> <span class='ocrx_word' id='word_1_103' title='bbox 744 1354 884 1411; x_wconf 76' lang='lat' dir='ltr'><strong>fortunae</strong></span> <span class='ocrx_word' id='word_1_104' title='bbox 909 1370 992 1408; x_wconf 86' lang='lat' dir='ltr'><strong>ossus</strong></span> <span class='ocrx_word' id='word_1_105' title='bbox 1012 1368 1144 1427; x_wconf 82' lang='lat' dir='ltr'><strong>magnam</strong></span> <span class='ocrx_word' id='word_1_106' title='bbox 1165 1348 1227 1406; x_wconf 87' lang='lat' dir='ltr'><strong>vim</strong></span> <span class='ocrx_word' id='word_1_107' title='bbox 1246 1347 1356 1407; x_wconf 78' lang='lat' dir='ltr'><strong>habere</strong></span> <span class='ocrx_word' id='word_1_108' title='bbox 1375 1348 1412 1407; x_wconf 83' lang='lat' dir='ltr'><strong>sd</strong></span> 
     </span>
     <span class='ocr_line' id='line_1_12' title="bbox 235 1450 1411 1528; baseline -0.007 -11"><span class='ocrx_word' id='word_1_109' title='bbox 235 1458 339 1517; x_wconf 90' lang='lat' dir='ltr'><strong>misere</strong></span> <span class='ocrx_word' id='word_1_110' title='bbox 352 1455 530 1528; x_wconf 76' lang='lat' dir='ltr'><strong>vivendum,</strong></span> <span class='ocrx_word' id='word_1_111' title='bbox 560 1464 733 1514; x_wconf 75' lang='lat' dir='ltr'><strong>constanter</strong></span> <span class='ocrx_word' id='word_1_112' title='bbox 751 1453 881 1528; x_wconf 76' lang='lat' dir='ltr'><strong>dicebat,</strong></span> <span class='ocrx_word' id='word_1_113' title='bbox 908 1470 970 1510; x_wconf 94' lang='lat' dir='ltr'><strong>non</strong></span> <span class='ocrx_word' id='word_1_114' title='bbox 986 1470 1089 1509; x_wconf 80' lang='lat' dir='ltr'><strong>osssnes</strong></span> <span class='ocrx_word' id='word_1_115' title='bbox 1110 1450 1207 1507; x_wconf 75' lang='lat' dir='ltr'><strong>houm</strong></span> <span class='ocrx_word' id='word_1_116' title='bbox 1226 1470 1289 1508; x_wconf 88' lang='lat' dir='ltr'><strong>ssss</strong></span> <span class='ocrx_word' id='word_1_117' title='bbox 1304 1451 1411 1523; x_wconf 83' lang='lat' dir='ltr'><strong>beatos,</strong></span> 
     </span>
     <span class='ocr_line' id='line_1_13' title="bbox 236 1551 1412 1638; baseline -0.008 -19"><span class='ocrx_word' id='word_1_118' title='bbox 236 1581 329 1638; x_wconf 86' lang='lat' dir='ltr'><strong>quum</strong></span> <span class='ocrx_word' id='word_1_119' title='bbox 345 1561 378 1618; x_wconf 93' lang='lat' dir='ltr'><strong>in</strong></span> <span class='ocrx_word' id='word_1_120' title='bbox 395 1576 496 1617; x_wconf 89' lang='lat' dir='ltr'><strong>omnes</strong></span> <span class='ocrx_word' id='word_1_121' title='bbox 511 1559 607 1615; x_wconf 85' lang='lat' dir='ltr'><strong>honos</strong></span> <span class='ocrx_word' id='word_1_122' title='bbox 621 1564 653 1614; x_wconf 83' lang='lat' dir='ltr'><strong>st</strong></span> <span class='ocrx_word' id='word_1_123' title='bbox 666 1556 805 1633; x_wconf 86' lang='lat' dir='ltr'><strong>corporis</strong></span> <span class='ocrx_word' id='word_1_124' title='bbox 821 1554 941 1611; x_wconf 90' lang='lat' dir='ltr'><strong>dolores</strong></span> <span class='ocrx_word' id='word_1_125' title='bbox 956 1563 986 1610; x_wconf 89' lang='lat' dir='ltr'><strong>et</strong></span> <span class='ocrx_word' id='word_1_126' title='bbox 1006 1554 1146 1611; x_wconf 71' lang='lat' dir='ltr'><strong>fortunae</strong></span> <span class='ocrx_word' id='word_1_127' title='bbox 1158 1551 1345 1610; x_wconf 74' lang='lat' dir='ltr'><strong>calamitates</strong></span> <span class='ocrx_word' id='word_1_128' title='bbox 1362 1572 1412 1611; x_wconf 79' lang='lat' dir='ltr'><strong>cs-</strong></span> 
     </span>
     <span class='ocr_line' id='line_1_14' title="bbox 237 1653 1412 1738; baseline -0.007 -19"><span class='ocrx_word' id='word_1_129' title='bbox 237 1662 307 1721; x_wconf 88' lang='lat' dir='ltr'><strong>dere</strong></span> <span class='ocrx_word' id='word_1_130' title='bbox 321 1668 452 1738; x_wconf 83' lang='lat' dir='ltr'><strong>possent.</strong></span> <span class='ocrx_word' id='word_1_131' title='bbox 488 1659 579 1715; x_wconf 80' lang='lat' dir='ltr'><strong>lsnnso</strong></span> <span class='ocrx_word' id='word_1_132' title='bbox 594 1656 626 1714; x_wconf 86' lang='lat' dir='ltr'><strong>id</strong></span> <span class='ocrx_word' id='word_1_133' title='bbox 642 1655 806 1714; x_wconf 83' lang='lat' dir='ltr'><strong>notandum</strong></span> <span class='ocrx_word' id='word_1_134' title='bbox 824 1664 897 1729; x_wconf 84' lang='lat' dir='ltr'><strong>erat,</strong></span> <span class='ocrx_word' id='word_1_135' title='bbox 920 1653 1001 1732; x_wconf 89' lang='lat' dir='ltr'><strong>quod</strong></span> <span class='ocrx_word' id='word_1_136' title='bbox 1017 1654 1143 1729; x_wconf 86' lang='lat' dir='ltr'><strong>dicebat,</strong></span> <span class='ocrx_word' id='word_1_137' title='bbox 1165 1654 1225 1712; x_wconf 87' lang='lat' dir='ltr'><strong>tris</strong></span> <span class='ocrx_word' id='word_1_138' title='bbox 1240 1673 1303 1712; x_wconf 86' lang='lat' dir='ltr'><strong>esee</strong></span> <span class='ocrx_word' id='word_1_139' title='bbox 1318 1664 1346 1712; x_wconf 87' lang='lat' dir='ltr'><strong>et</strong></span> <span class='ocrx_word' id='word_1_140' title='bbox 1358 1655 1412 1712; x_wconf 91' lang='lat' dir='ltr'><strong>bo·</strong></span> 
     </span>
     <span class='ocr_line' id='line_1_15' title="bbox 237 1755 1413 1834; baseline -0.007 -15"><span class='ocrx_word' id='word_1_141' title='bbox 237 1780 345 1819; x_wconf 90' lang='lat' dir='ltr'><strong>norum</strong></span> <span class='ocrx_word' id='word_1_142' title='bbox 361 1768 390 1817; x_wconf 91' lang='lat' dir='ltr'><strong>et</strong></span> <span class='ocrx_word' id='word_1_143' title='bbox 406 1758 550 1816; x_wconf 89' lang='lat' dir='ltr'><strong>malorum</strong></span> <span class='ocrx_word' id='word_1_144' title='bbox 566 1775 684 1833; x_wconf 84' lang='lat' dir='ltr'><strong>genere.</strong></span> <span class='ocrx_word' id='word_1_145' title='bbox 727 1755 758 1812; x_wconf 91' lang='lat' dir='ltr'><strong>Si</strong></span> <span class='ocrx_word' id='word_1_146' title='bbox 781 1756 858 1812; x_wconf 86' lang='lat' dir='ltr'><strong>enim</strong></span> <span class='ocrx_word' id='word_1_147' title='bbox 879 1755 906 1813; x_wconf 91' lang='lat' dir='ltr'><strong>ei</strong></span> <span class='ocrx_word' id='word_1_148' title='bbox 928 1755 1121 1830; x_wconf 84' lang='lat' dir='ltr'><strong>conceditur,</strong></span> <span class='ocrx_word' id='word_1_149' title='bbox 1149 1755 1240 1834; x_wconf 82' lang='lat' dir='ltr'><strong>plura</strong></span> <span class='ocrx_word' id='word_1_150' title='bbox 1264 1755 1413 1813; x_wconf 88' lang='lat' dir='ltr'><strong>bonorum</strong></span> 
     </span>
     <span class='ocr_line' id='line_1_16' title="bbox 237 1856 1413 1939; baseline -0.004 -20"><span class='ocrx_word' id='word_1_151' title='bbox 237 1859 433 1920; x_wconf 80' lang='lat' dir='ltr'><strong>etmalorum</strong></span> <span class='ocrx_word' id='word_1_152' title='bbox 453 1877 562 1935; x_wconf 82' lang='lat' dir='ltr'><strong>genera</strong></span> <span class='ocrx_word' id='word_1_153' title='bbox 583 1875 659 1930; x_wconf 85' lang='lat' dir='ltr'><strong>esse,</strong></span> <span class='ocrx_word' id='word_1_154' title='bbox 682 1865 920 1939; x_wconf 76' lang='lat' dir='ltr'><strong>consentaneum</strong></span> <span class='ocrx_word' id='word_1_155' title='bbox 931 1866 990 1930; x_wconf 88' lang='lat' dir='ltr'><strong>est,</strong></span> <span class='ocrx_word' id='word_1_156' title='bbox 1019 1866 1055 1914; x_wconf 90' lang='lat' dir='ltr'><strong>ut</strong></span> <span class='ocrx_word' id='word_1_157' title='bbox 1072 1856 1283 1934; x_wconf 88' lang='lat' dir='ltr'><strong>consequentia</strong></span> <span class='ocrx_word' id='word_1_158' title='bbox 1306 1876 1413 1915; x_wconf 82' lang='lat' dir='ltr'><strong>conce-</strong></span> 
     </span>
     <span class='ocr_line' id='line_1_17' title="bbox 237 1956 1414 2037; baseline -0.004 -17"><span class='ocrx_word' id='word_1_159' title='bbox 237 1962 360 2020; x_wconf 79' lang='lat' dir='ltr'><strong>dantur.</strong></span> <span class='ocrx_word' id='word_1_160' title='bbox 380 1981 405 2019; x_wconf 87' lang='lat' dir='ltr'><strong>e.</strong></span> <span class='ocrx_word' id='word_1_161' title='bbox 422 1962 452 2018; x_wconf 83' lang='grc'><em>9.</em></span> <span class='ocrx_word' id='word_1_162' title='bbox 466 1956 498 2037; x_wconf 93' lang='grc'><strong>5.</strong></span> <span class='ocrx_word' id='word_1_163' title='bbox 512 1962 564 2018; x_wconf 74' lang='lat'><strong>24.</strong></span> <span class='ocrx_word' id='word_1_164' title='bbox 580 1962 632 2016; x_wconf 75' lang='lat'><strong>25.</strong></span> <span class='ocrx_word' id='word_1_165' title='bbox 660 1956 795 2015; x_wconf 79' lang='lat' dir='ltr'><strong>hutnon</strong></span> <span class='ocrx_word' id='word_1_166' title='bbox 806 1957 904 2016; x_wconf 89' lang='lat' dir='ltr'><strong>minus</strong></span> <span class='ocrx_word' id='word_1_167' title='bbox 927 1957 1130 2016; x_wconf 82' lang='lat' dir='ltr'><strong>inconstantes</strong></span> <span class='ocrx_word' id='word_1_168' title='bbox 1153 1978 1254 2016; x_wconf 88' lang='lat' dir='ltr'><strong>sumus</strong></span> <span class='ocrx_word' id='word_1_169' title='bbox 1272 1959 1414 2036; x_wconf 81' lang='lat' dir='ltr'><strong>Epicuro,</strong></span> 
     </span>
     <span class='ocr_line' id='line_1_18' title="bbox 237 2058 1414 2141; baseline -0.002 -22"><span class='ocrx_word' id='word_1_170' title='bbox 237 2061 290 2141; x_wconf 89' lang='lat' dir='ltr'><strong>qui</strong></span> <span class='ocrx_word' id='word_1_171' title='bbox 308 2061 401 2119; x_wconf 82' lang='lat' dir='ltr'><strong>inulta</strong></span> <span class='ocrx_word' id='word_1_172' title='bbox 418 2059 573 2139; x_wconf 77' lang='lat' dir='ltr'><strong>praeclare</strong></span> <span class='ocrx_word' id='word_1_173' title='bbox 589 2079 676 2137; x_wconf 84' lang='lat' dir='ltr'><strong>saepe</strong></span> <span class='ocrx_word' id='word_1_174' title='bbox 693 2058 783 2132; x_wconf 89' lang='lat' dir='ltr'><strong>dicit,</strong></span> <span class='ocrx_word' id='word_1_175' title='bbox 805 2058 856 2116; x_wconf 84' lang='lat' dir='ltr'><strong>sod</strong></span> <span class='ocrx_word' id='word_1_176' title='bbox 874 2079 935 2117; x_wconf 89' lang='lat' dir='ltr'><strong>non</strong></span> <span class='ocrx_word' id='word_1_177' title='bbox 951 2078 1066 2137; x_wconf 81' lang='lat' dir='ltr'><strong>semper·</strong></span> <span class='ocrx_word' id='word_1_178' title='bbox 1083 2058 1300 2119; x_wconf 88' lang='lat' dir='ltr'><strong>convenienter</strong></span> <span class='ocrx_word' id='word_1_179' title='bbox 1312 2060 1414 2118; x_wconf 88' lang='lat' dir='ltr'><strong>decre·</strong></span> 
     </span>
     <span class='ocr_line' id='line_1_19' title="bbox 238 2159 1414 2241; baseline -0.002 -20"><span class='ocrx_word' id='word_1_180' title='bbox 238 2164 276 2221; x_wconf 88' lang='lat' dir='ltr'><strong>tis</strong></span> <span class='ocrx_word' id='word_1_181' title='bbox 292 2163 362 2236; x_wconf 90' lang='lat' dir='ltr'><strong>suis,</strong></span> <span class='ocrx_word' id='word_1_182' title='bbox 385 2182 477 2239; x_wconf 90' lang='lat' dir='ltr'><strong>quum</strong></span> <span class='ocrx_word' id='word_1_183' title='bbox 493 2168 591 2241; x_wconf 77' lang='lat' dir='ltr'><strong>neget,</strong></span> <span class='ocrx_word' id='word_1_184' title='bbox 612 2179 781 2239; x_wconf 85' lang='lat' dir='ltr'><strong>quenquam</strong></span> <span class='ocrx_word' id='word_1_185' title='bbox 800 2159 931 2219; x_wconf 89' lang='lat' dir='ltr'><strong>iucunde</strong></span> <span class='ocrx_word' id='word_1_186' title='bbox 946 2181 1032 2239; x_wconf 87' lang='lat' dir='ltr'><strong>posse</strong></span> <span class='ocrx_word' id='word_1_187' title='bbox 1051 2161 1163 2236; x_wconf 83' lang='lat' dir='ltr'><strong>vivers,</strong></span> <span class='ocrx_word' id='word_1_188' title='bbox 1185 2160 1246 2221; x_wconf 86' lang='lat' dir='ltr'><strong>nisi</strong></span> <span class='ocrx_word' id='word_1_189' title='bbox 1259 2159 1339 2219; x_wconf 85' lang='lat' dir='ltr'><strong>idem</strong></span> <span class='ocrx_word' id='word_1_190' title='bbox 1358 2160 1414 2220; x_wconf 92' lang='lat' dir='ltr'><strong>ho-</strong></span> 
     </span>
    </p>
   </div>
   <div class='ocr_carea' id='block_1_3' title="bbox 239 2260 1413 2443">
    <p class='ocr_par' dir='ltr' id='par_1_3' title="bbox 239 2260 1413 2443">
     <span class='ocr_line' id='line_1_20' title="bbox 240 2260 1413 2343; baseline 0 -22"><span class='ocrx_word' id='word_1_191' title='bbox 240 2273 320 2323; x_wconf 87' lang='lat' dir='ltr'><strong>neste</strong></span> <span class='ocrx_word' id='word_1_192' title='bbox 331 2264 432 2337; x_wconf 78' lang='lat' dir='ltr'><strong>rival,</strong></span> <span class='ocrx_word' id='word_1_193' title='bbox 453 2272 521 2338; x_wconf 85' lang='lat' dir='ltr'><strong>aut,</strong></span> <span class='ocrx_word' id='word_1_194' title='bbox 543 2281 636 2339; x_wconf 87' lang='lat' dir='ltr'><strong>quum</strong></span> <span class='ocrx_word' id='word_1_195' title='bbox 649 2260 745 2338; x_wconf 80' lang='lat' dir='ltr'><strong>dieat,</strong></span> <span class='ocrx_word' id='word_1_196' title='bbox 766 2263 918 2321; x_wconf 82' lang='lat' dir='ltr'><strong>fortunam</strong></span> <span class='ocrx_word' id='word_1_197' title='bbox 933 2263 1069 2341; x_wconf 83' lang='lat' dir='ltr'><strong>exiguam</strong></span> <span class='ocrx_word' id='word_1_198' title='bbox 1082 2262 1266 2322; x_wconf 83' lang='lat' dir='ltr'><strong>intervenire</strong></span> <span class='ocrx_word' id='word_1_199' title='bbox 1282 2263 1413 2343; x_wconf 83' lang='lat' dir='ltr'><strong>sapienti.</strong></span> 
     </span>
     <span class='ocr_line' id='line_1_21' title="bbox 239 2361 336 2443; baseline 0 -20"><span class='ocrx_word' id='word_1_200' title='bbox 239 2361 269 2443; x_wconf 89' lang='grc'><strong>5.</strong></span> <span class='ocrx_word' id='word_1_201' title='bbox 286 2369 336 2424; x_wconf 73' lang='lat'><strong>26.</strong></span> 
     </span>
    </p>
   </div>
   <div class='ocr_carea' id='block_1_4' title="bbox 226 2480 1415 3672">
    <p class='ocr_par' dir='ltr' id='par_1_4' title="bbox 240 2480 1415 2764">
     <span class='ocr_line' id='line_1_22' title="bbox 325 2480 1415 2559; baseline 0.002 -20"><span class='ocrx_word' id='word_1_202' title='bbox 325 2480 356 2539; x_wconf 81' lang='lat' dir='ltr'><strong>d.</strong></span> <span class='ocrx_word' id='word_1_203' title='bbox 399 2480 431 2537; x_wconf 87' lang='lat' dir='ltr'><strong>Si</strong></span> <span class='ocrx_word' id='word_1_204' title='bbox 446 2480 531 2539; x_wconf 89' lang='lat' dir='ltr'><strong>nobis</strong></span> <span class='ocrx_word' id='word_1_205' title='bbox 545 2489 682 2540; x_wconf 83' lang='lat' dir='ltr'><strong>constare</strong></span> <span class='ocrx_word' id='word_1_206' title='bbox 696 2482 846 2554; x_wconf 81' lang='lat' dir='ltr'><strong>volumus,</strong></span> <span class='ocrx_word' id='word_1_207' title='bbox 869 2482 1026 2541; x_wconf 78' lang='lat' dir='ltr'><strong>dicendum</strong></span> <span class='ocrx_word' id='word_1_208' title='bbox 1041 2492 1093 2557; x_wconf 90' lang='lat' dir='ltr'><strong>est,</strong></span> <span class='ocrx_word' id='word_1_209' title='bbox 1116 2503 1217 2542; x_wconf 86' lang='lat' dir='ltr'><strong>omnes</strong></span> <span class='ocrx_word' id='word_1_210' title='bbox 1234 2484 1341 2559; x_wconf 91' lang='lat' dir='ltr'><strong>bonos,</strong></span> <span class='ocrx_word' id='word_1_211' title='bbox 1361 2485 1415 2541; x_wconf 75' lang='lat' dir='ltr'><strong>is.</strong></span> 
     </span>
     <span class='ocr_line' id='line_1_23' title="bbox 240 2580 1413 2663; baseline 0.004 -25"><span class='ocrx_word' id='word_1_212' title='bbox 240 2580 378 2639; x_wconf 89' lang='lat' dir='ltr'><strong>omnibus</strong></span> <span class='ocrx_word' id='word_1_213' title='bbox 395 2581 558 2640; x_wconf 70' lang='lat' dir='ltr'><strong>virtutibus</strong></span> <span class='ocrx_word' id='word_1_214' title='bbox 573 2582 738 2642; x_wconf 86' lang='lat' dir='ltr'><strong>instructos</strong></span> <span class='ocrx_word' id='word_1_215' title='bbox 755 2593 784 2641; x_wconf 87' lang='lat' dir='ltr'><strong>et</strong></span> <span class='ocrx_word' id='word_1_216' title='bbox 798 2583 959 2663; x_wconf 86' lang='lat' dir='ltr'><strong>sapientes,</strong></span> <span class='ocrx_word' id='word_1_217' title='bbox 982 2584 1040 2642; x_wconf 91' lang='lat' dir='ltr'><strong>nisi</strong></span> <span class='ocrx_word' id='word_1_218' title='bbox 1055 2604 1115 2643; x_wconf 84' lang='lat' dir='ltr'><strong>una</strong></span> <span class='ocrx_word' id='word_1_219' title='bbox 1131 2584 1245 2643; x_wconf 78' lang='lat' dir='ltr'><strong>virtute</strong></span> <span class='ocrx_word' id='word_1_220' title='bbox 1261 2586 1413 2645; x_wconf 83' lang='lat' dir='ltr'><strong>contines-</strong></span> 
     </span>
     <span class='ocr_line' id='line_1_24' title="bbox 241 2681 1413 2764; baseline 0.004 -24"><span class='ocrx_word' id='word_1_221' title='bbox 241 2692 293 2740; x_wconf 87' lang='lat' dir='ltr'><strong>tur</strong></span> <span class='ocrx_word' id='word_1_222' title='bbox 314 2681 377 2739; x_wconf 82' lang='lat' dir='ltr'><strong>vite</strong></span> <span class='ocrx_word' id='word_1_223' title='bbox 404 2682 506 2756; x_wconf 82' lang='lat' dir='ltr'><strong>beata,</strong></span> <span class='ocrx_word' id='word_1_224' title='bbox 537 2703 651 2762; x_wconf 86' lang='lat' dir='ltr'><strong>semper</strong></span> <span class='ocrx_word' id='word_1_225' title='bbox 676 2682 779 2742; x_wconf 79' lang='lat' dir='ltr'><strong>beatos</strong></span> <span class='ocrx_word' id='word_1_226' title='bbox 805 2704 944 2743; x_wconf 88' lang='lat' dir='ltr'><strong>essenon</strong></span> <span class='ocrx_word' id='word_1_227' title='bbox 963 2705 1061 2764; x_wconf 87' lang='lat' dir='ltr'><strong>posse.</strong></span> <span class='ocrx_word' id='word_1_228' title='bbox 1104 2686 1188 2744; x_wconf 76' lang='lat' dir='ltr'><strong>Beati</strong></span> <span class='ocrx_word' id='word_1_229' title='bbox 1202 2687 1280 2745; x_wconf 90' lang='lat' dir='ltr'><strong>enim</strong></span> <span class='ocrx_word' id='word_1_230' title='bbox 1299 2686 1413 2747; x_wconf 84' lang='lat' dir='ltr'><strong>dicendi</strong></span> 
     </span>
    </p>

    <p class='ocr_par' dir='ltr' id='par_1_5' title="bbox 226 2782 1413 3672">
     <span class='ocr_line' id='line_1_25' title="bbox 226 2782 1412 2866; baseline 0.007 -27"><span class='ocrx_word' id='word_1_231' title='bbox 226 2782 363 2866; x_wconf 75' lang='lat' dir='ltr'><strong>samii,</strong></span> <span class='ocrx_word' id='word_1_232' title='bbox 385 2784 435 2859; x_wconf 87' lang='lat' dir='ltr'><strong>qui</strong></span> <span class='ocrx_word' id='word_1_233' title='bbox 452 2783 569 2842; x_wconf 89' lang='lat' dir='ltr'><strong>suntin</strong></span> <span class='ocrx_word' id='word_1_234' title='bbox 586 2784 686 2861; x_wconf 89' lang='lat' dir='ltr'><strong>bonis,</strong></span> <span class='ocrx_word' id='word_1_235' title='bbox 709 2785 794 2843; x_wconf 91' lang='lat' dir='ltr'><strong>nullo</strong></span> <span class='ocrx_word' id='word_1_236' title='bbox 807 2786 951 2844; x_wconf 89' lang='lat' dir='ltr'><strong>adiuncto</strong></span> <span class='ocrx_word' id='word_1_237' title='bbox 968 2787 1055 2845; x_wconf 88' lang='lat' dir='ltr'><strong>malo.</strong></span> <span class='ocrx_word' id='word_1_238' title='bbox 1098 2788 1184 2847; x_wconf 87' lang='lat' dir='ltr'><strong>Hanc</strong></span> <span class='ocrx_word' id='word_1_239' title='bbox 1196 2796 1296 2846; x_wconf 84' lang='lat' dir='ltr'><strong>antem</strong></span> <span class='ocrx_word' id='word_1_240' title='bbox 1311 2809 1412 2848; x_wconf 88' lang='lat' dir='ltr'><strong>cumu-</strong></span> 
     </span>
     <span class='ocr_line' id='line_1_26' title="bbox 243 2884 1412 2965; baseline 0.008 -24"><span class='ocrx_word' id='word_1_241' title='bbox 243 2885 329 2943; x_wconf 88' lang='lat' dir='ltr'><strong>latem</strong></span> <span class='ocrx_word' id='word_1_242' title='bbox 355 2885 505 2942; x_wconf 87' lang='lat' dir='ltr'><strong>bonorum</strong></span> <span class='ocrx_word' id='word_1_243' title='bbox 526 2884 773 2964; x_wconf 86' lang='lat' dir='ltr'><strong>complexionem,</strong></span> <span class='ocrx_word' id='word_1_244' title='bbox 800 2887 920 2946; x_wconf 87' lang='lat' dir='ltr'><strong>secretis</strong></span> <span class='ocrx_word' id='word_1_245' title='bbox 938 2888 1020 2947; x_wconf 86' lang='lat' dir='ltr'><strong>malis</strong></span> <span class='ocrx_word' id='word_1_246' title='bbox 1040 2890 1194 2965; x_wconf 88' lang='lat' dir='ltr'><strong>omnihus,</strong></span> <span class='ocrx_word' id='word_1_247' title='bbox 1223 2890 1324 2949; x_wconf 84' lang='lat' dir='ltr'><strong>virtus</strong></span> <span class='ocrx_word' id='word_1_248' title='bbox 1338 2910 1412 2951; x_wconf 80' lang='lat' dir='ltr'><strong>esse-</strong></span> 
     </span>
     <span class='ocr_line' id='line_1_27' title="bbox 242 2985 1412 3067; baseline 0.008 -26"><span class='ocrx_word' id='word_1_249' title='bbox 242 2985 293 3064; x_wconf 89' lang='lat' dir='ltr'><strong>qui</strong></span> <span class='ocrx_word' id='word_1_250' title='bbox 310 3006 372 3045; x_wconf 93' lang='lat' dir='ltr'><strong>non</strong></span> <span class='ocrx_word' id='word_1_251' title='bbox 384 2994 499 3066; x_wconf 84' lang='lat' dir='ltr'><strong>potest,</strong></span> <span class='ocrx_word' id='word_1_252' title='bbox 521 2985 546 3045; x_wconf 83' lang='lat' dir='ltr'><strong>si</strong></span> <span class='ocrx_word' id='word_1_253' title='bbox 560 2985 717 3065; x_wconf 81' lang='lat' dir='ltr'><strong>quicquam</strong></span> <span class='ocrx_word' id='word_1_254' title='bbox 730 2997 851 3066; x_wconf 85' lang='lat' dir='ltr'><strong>prester</strong></span> <span class='ocrx_word' id='word_1_255' title='bbox 865 2989 960 3067; x_wconf 84' lang='lat' dir='ltr'><strong>ipsam</strong></span> <span class='ocrx_word' id='word_1_256' title='bbox 976 2990 1048 3049; x_wconf 90' lang='lat' dir='ltr'><strong>boni</strong></span> <span class='ocrx_word' id='word_1_257' title='bbox 1062 3001 1115 3049; x_wconf 90' lang='lat' dir='ltr'><strong>est.</strong></span> <span class='ocrx_word' id='word_1_258' title='bbox 1158 2992 1232 3049; x_wconf 87' lang='lat' dir='ltr'><strong>Nam</strong></span> <span class='ocrx_word' id='word_1_259' title='bbox 1249 2991 1349 3050; x_wconf 83' lang='lat' dir='ltr'><strong>omnis</strong></span> <span class='ocrx_word' id='word_1_260' title='bbox 1367 2990 1412 3050; x_wconf 82' lang='lat' dir='ltr'><strong>ille</strong></span> 
     </span>
     <span class='ocr_line' id='line_1_28' title="bbox 241 3086 1412 3172; baseline 0.004 -26"><span class='ocrx_word' id='word_1_261' title='bbox 241 3108 317 3165; x_wconf 87' lang='lat' dir='ltr'><strong>quse</strong></span> <span class='ocrx_word' id='word_1_262' title='bbox 344 3086 438 3167; x_wconf 82' lang='lat' dir='ltr'><strong>vulgo</strong></span> <span class='ocrx_word' id='word_1_263' title='bbox 463 3087 609 3147; x_wconf 88' lang='lat' dir='ltr'><strong>dicuntur</strong></span> <span class='ocrx_word' id='word_1_264' title='bbox 633 3088 726 3164; x_wconf 86' lang='lat' dir='ltr'><strong>bona,</strong></span> <span class='ocrx_word' id='word_1_265' title='bbox 759 3090 900 3168; x_wconf 87' lang='lat' dir='ltr'><strong>quoniam</strong></span> <span class='ocrx_word' id='word_1_266' title='bbox 927 3101 1011 3149; x_wconf 87' lang='lat' dir='ltr'><strong>extra</strong></span> <span class='ocrx_word' id='word_1_267' title='bbox 1033 3093 1096 3150; x_wconf 87' lang='lat' dir='ltr'><strong>eius</strong></span> <span class='ocrx_word' id='word_1_268' title='bbox 1120 3103 1296 3171; x_wconf 84' lang='lat' dir='ltr'><strong>potestatem</strong></span> <span class='ocrx_word' id='word_1_269' title='bbox 1318 3093 1412 3172; x_wconf 81' lang='lat' dir='ltr'><strong>posits</strong></span> 
     </span>
     <span class='ocr_line' id='line_1_29' title="bbox 241 3189 1411 3269; baseline 0.006 -26"><span class='ocrx_word' id='word_1_270' title='bbox 241 3197 329 3261; x_wconf 83' lang='lat' dir='ltr'><strong>sunt,</strong></span> <span class='ocrx_word' id='word_1_271' title='bbox 350 3189 486 3247; x_wconf 85' lang='lat' dir='ltr'><strong>amittere</strong></span> <span class='ocrx_word' id='word_1_272' title='bbox 498 3198 613 3266; x_wconf 87' lang='lat' dir='ltr'><strong>potest,</strong></span> <span class='ocrx_word' id='word_1_273' title='bbox 634 3200 664 3249; x_wconf 89' lang='lat' dir='ltr'><strong>et</strong></span> <span class='ocrx_word' id='word_1_274' title='bbox 675 3192 773 3250; x_wconf 86' lang='lat' dir='ltr'><strong>omnia</strong></span> <span class='ocrx_word' id='word_1_275' title='bbox 789 3192 858 3268; x_wconf 86' lang='lat' dir='ltr'><strong>ills,</strong></span> <span class='ocrx_word' id='word_1_276' title='bbox 880 3212 956 3269; x_wconf 86' lang='lat' dir='ltr'><strong>quae</strong></span> <span class='ocrx_word' id='word_1_277' title='bbox 970 3193 1002 3250; x_wconf 93' lang='lat' dir='ltr'><strong>in</strong></span> <span class='ocrx_word' id='word_1_278' title='bbox 1019 3194 1102 3252; x_wconf 88' lang='lat' dir='ltr'><strong>malis</strong></span> <span class='ocrx_word' id='word_1_279' title='bbox 1119 3203 1334 3269; x_wconf 87' lang='lat' dir='ltr'><strong>numerantur,</strong></span> <span class='ocrx_word' id='word_1_280' title='bbox 1357 3215 1411 3252; x_wconf 91' lang='lat' dir='ltr'><strong>uno</strong></span> 
     </span>
     <span class='ocr_line' id='line_1_30' title="bbox 242 3288 1411 3375; baseline 0.006 -30"><span class='ocrx_word' id='word_1_281' title='bbox 242 3296 375 3365; x_wconf 89' lang='lat' dir='ltr'><strong>tempore</strong></span> <span class='ocrx_word' id='word_1_282' title='bbox 388 3288 419 3344; x_wconf 88' lang='lat' dir='ltr'><strong>in</strong></span> <span class='ocrx_word' id='word_1_283' title='bbox 434 3308 500 3347; x_wconf 89' lang='lat' dir='ltr'><strong>eum</strong></span> <span class='ocrx_word' id='word_1_284' title='bbox 516 3289 648 3350; x_wconf 88' lang='lat' dir='ltr'><strong>incidere</strong></span> <span class='ocrx_word' id='word_1_285' title='bbox 658 3303 797 3371; x_wconf 85' lang='lat' dir='ltr'><strong>possunt.</strong></span> <span class='ocrx_word' id='word_1_286' title='bbox 819 3315 845 3351; x_wconf 86' lang='lat' dir='ltr'><strong>c.</strong></span> <span class='ocrx_word' id='word_1_287' title='bbox 859 3298 909 3353; x_wconf 91' lang='grc'><em>10.</em></span> <span class='ocrx_word' id='word_1_288' title='bbox 930 3292 962 3374; x_wconf 92' lang='grc'><strong>5.</strong></span> <span class='ocrx_word' id='word_1_289' title='bbox 976 3296 1124 3356; x_wconf 74' lang='lat'><strong>28-30·</strong></span> <span class='ocrx_word' id='word_1_290' title='bbox 1166 3294 1283 3355; x_wconf 82' lang='lat' dir='ltr'><strong>Rursus</strong></span> <span class='ocrx_word' id='word_1_291' title='bbox 1293 3294 1411 3375; x_wconf 86' lang='lat' dir='ltr'><strong>Epicuri</strong></span> 
     </span>
     <span class='ocr_line' id='line_1_31' title="bbox 240 3387 1410 3477; baseline 0.009 -33"><span class='ocrx_word' id='word_1_292' title='bbox 240 3387 441 3446; x_wconf 88' lang='lat' dir='ltr'><strong>inconstantia</strong></span> <span class='ocrx_word' id='word_1_293' title='bbox 458 3390 702 3466; x_wconf 83' lang='lat' dir='ltr'><strong>reprehenditur.</strong></span> <span class='ocrx_word' id='word_1_294' title='bbox 722 3391 754 3473; x_wconf 92' lang='grc'><strong>5.</strong></span> <span class='ocrx_word' id='word_1_295' title='bbox 769 3398 821 3453; x_wconf 81' lang='lat' dir='ltr'><strong>el.</strong></span> <span class='ocrx_word' id='word_1_296' title='bbox 864 3397 965 3473; x_wconf 82' lang='lat' dir='ltr'><strong>ltaque</strong></span> <span class='ocrx_word' id='word_1_297' title='bbox 987 3396 1019 3454; x_wconf 92' lang='lat' dir='ltr'><strong>in</strong></span> <span class='ocrx_word' id='word_1_298' title='bbox 1043 3394 1099 3455; x_wconf 88' lang='lat' dir='ltr'><strong>hsc</strong></span> <span class='ocrx_word' id='word_1_299' title='bbox 1124 3396 1241 3473; x_wconf 88' lang='lat' dir='ltr'><strong>quidem</strong></span> <span class='ocrx_word' id='word_1_300' title='bbox 1262 3418 1295 3455; x_wconf 88' lang='lat' dir='ltr'><strong>re</strong></span> <span class='ocrx_word' id='word_1_301' title='bbox 1318 3396 1410 3477; x_wconf 78' lang='lat' dir='ltr'><strong>negari</strong></span> 
     </span>
     <span class='ocr_line' id='line_1_32' title="bbox 241 3488 1410 3566; baseline 0.009 -22"><span class='ocrx_word' id='word_1_302' title='bbox 241 3507 301 3545; x_wconf 91' lang='lat' dir='ltr'><strong>non</strong></span> <span class='ocrx_word' id='word_1_303' title='bbox 316 3497 430 3566; x_wconf 83' lang='lat' dir='ltr'><strong>potest,</strong></span> <span class='ocrx_word' id='word_1_304' title='bbox 451 3488 567 3550; x_wconf 84' lang='lat' dir='ltr'><strong>Stoicos</strong></span> <span class='ocrx_word' id='word_1_305' title='bbox 583 3492 677 3551; x_wconf 87' lang='lat' dir='ltr'><strong>multo</strong></span> <span class='ocrx_word' id='word_1_306' title='bbox 692 3496 909 3554; x_wconf 84' lang='lat' dir='ltr'><strong>constantiores</strong></span> <span class='ocrx_word' id='word_1_307' title='bbox 923 3496 1012 3554; x_wconf 86' lang='lat' dir='ltr'><strong>luisse</strong></span> <span class='ocrx_word' id='word_1_308' title='bbox 1026 3497 1056 3554; x_wconf 96' lang='lat' dir='ltr'><strong>in</strong></span> <span class='ocrx_word' id='word_1_309' title='bbox 1072 3497 1283 3557; x_wconf 89' lang='lat' dir='ltr'><strong>constituenda</strong></span> <span class='ocrx_word' id='word_1_310' title='bbox 1297 3518 1351 3557; x_wconf 90' lang='lat' dir='ltr'><strong>sua</strong></span> <span class='ocrx_word' id='word_1_311' title='bbox 1366 3496 1410 3556; x_wconf 82' lang='lat' dir='ltr'><strong>‹li-</strong></span> 
     </span>
     <span class='ocr_line' id='line_1_33' title="bbox 240 3588 1413 3672; baseline 0.012 -28"><span class='ocrx_word' id='word_1_312' title='bbox 240 3588 382 3666; x_wconf 87' lang='lat' dir='ltr'><strong>soiplina,</strong></span> <span class='ocrx_word' id='word_1_313' title='bbox 405 3609 494 3665; x_wconf 89' lang='lat' dir='ltr'><strong>quam</strong></span> <span class='ocrx_word' id='word_1_314' title='bbox 508 3592 738 3669; x_wconf 76' lang='lat' dir='ltr'><strong>Peripateticos,</strong></span> <span class='ocrx_word' id='word_1_315' title='bbox 760 3613 930 3672; x_wconf 86' lang='lat' dir='ltr'><strong>quanquam</strong></span> <span class='ocrx_word' id='word_1_316' title='bbox 948 3595 978 3653; x_wconf 94' lang='lat' dir='ltr'><strong>in</strong></span> <span class='ocrx_word' id='word_1_317' title='bbox 993 3598 1058 3655; x_wconf 89' lang='lat' dir='ltr'><strong>aliis</strong></span> <span class='ocrx_word' id='word_1_318' title='bbox 1072 3600 1162 3657; x_wconf 87' lang='lat' dir='ltr'><strong>rebus</strong></span> <span class='ocrx_word' id='word_1_319' title='bbox 1176 3599 1256 3658; x_wconf 87' lang='lat' dir='ltr'><strong>inter</strong></span> <span class='ocrx_word' id='word_1_320' title='bbox 1271 3600 1413 3657; x_wconf 83' lang='lat' dir='ltr'><strong>Zenonem</strong></span> 
     </span>
    </p>
   </div>
   <div class='ocr_carea' id='block_1_5' title="bbox 240 3686 1413 3868">
    <p class='ocr_par' dir='ltr' id='par_1_6' title="bbox 240 3686 1413 3868">
     <span class='ocr_line' id='line_1_34' title="bbox 240 3686 1413 3785; baseline 0.01 -40"><span class='ocrx_word' id='word_1_321' title='bbox 240 3697 269 3746; x_wconf 90' lang='lat' dir='ltr'><strong>et</strong></span> <span class='ocrx_word' id='word_1_322' title='bbox 286 3686 500 3766; x_wconf 86' lang='lat' dir='ltr'><strong>Peripateticos</strong></span> <span class='ocrx_word' id='word_1_323' title='bbox 522 3689 597 3751; x_wconf 88' lang='lat' dir='ltr'><strong>nihil</strong></span> <span class='ocrx_word' id='word_1_324' title='bbox 615 3700 735 3770; x_wconf 84' lang='lat' dir='ltr'><strong>praeter</strong></span> <span class='ocrx_word' id='word_1_325' title='bbox 752 3695 914 3785; x_wconf 80' lang='lat' dir='ltr'><strong>vorborum</strong></span> <span class='ocrx_word' id='word_1_326' title='bbox 935 3699 1099 3758; x_wconf 83' lang='lat' dir='ltr'><strong>novitatem</strong></span> <span class='ocrx_word' id='word_1_327' title='bbox 1116 3700 1341 3761; x_wconf 79' lang='lat' dir='ltr'><strong>intercessisse</strong></span> <span class='ocrx_word' id='word_1_328' title='bbox 1356 3698 1413 3760; x_wconf 78' lang='lat' dir='ltr'><strong>(lici</strong></span> 
     </span>
     <span class='ocr_line' id='line_1_35' title="bbox 243 3794 463 3868; baseline 0.009 -22"><span class='ocrx_word' id='word_1_329' title='bbox 243 3798 349 3868; x_wconf 85' lang='lat' dir='ltr'><strong>polest.</strong></span> <span class='ocrx_word' id='word_1_330' title='bbox 371 3809 397 3848; x_wconf 79' lang='lat' dir='ltr'><strong>c.</strong></span> <span class='ocrx_word' id='word_1_331' title='bbox 413 3794 463 3850; x_wconf 86' lang='lat' dir='ltr'><strong>lt.</strong></span> 
     </span>
    </p>
   </div>
   <div class='ocr_carea' id='block_1_6' title="bbox 240 3926 1413 4209">
    <p class='ocr_par' dir='ltr' id='par_1_7' title="bbox 240 3926 1413 4209">
     <span class='ocr_line' id='line_1_36' title="bbox 326 3926 1413 4009; baseline 0.013 -28"><span class='ocrx_word' id='word_1_332' title='bbox 326 3946 351 3980; x_wconf 88' lang='lat' dir='ltr'><strong>c.</strong></span> <span class='ocrx_word' id='word_1_333' title='bbox 394 3926 531 3983; x_wconf 87' lang='lat' dir='ltr'><strong>Ceterum</strong></span> <span class='ocrx_word' id='word_1_334' title='bbox 547 3948 607 3986; x_wconf 92' lang='lat' dir='ltr'><strong>non</strong></span> <span class='ocrx_word' id='word_1_335' title='bbox 625 3930 704 3987; x_wconf 91' lang='lat' dir='ltr'><strong>Zeno</strong></span> <span class='ocrx_word' id='word_1_336' title='bbox 722 3932 836 4009; x_wconf 88' lang='lat' dir='ltr'><strong>primus</strong></span> <span class='ocrx_word' id='word_1_337' title='bbox 852 3934 970 4008; x_wconf 90' lang='lat' dir='ltr'><strong>docuit,</strong></span> <span class='ocrx_word' id='word_1_338' title='bbox 992 3936 1056 3994; x_wconf 86' lang='lat' dir='ltr'><strong>sola</strong></span> <span class='ocrx_word' id='word_1_339' title='bbox 1068 3937 1183 3996; x_wconf 84' lang='lat' dir='ltr'><strong>virtute</strong></span> <span class='ocrx_word' id='word_1_340' title='bbox 1197 3937 1290 3995; x_wconf 79' lang='lat' dir='ltr'><strong>vitam</strong></span> <span class='ocrx_word' id='word_1_341' title='bbox 1306 3938 1413 3997; x_wconf 83' lang='lat' dir='ltr'><strong>beatam</strong></span> 
     </span>
     <span class='ocr_line' id='line_1_37' title="bbox 241 4024 1413 4115; baseline 0.016 -37"><span class='ocrx_word' id='word_1_342' title='bbox 241 4024 346 4083; x_wconf 83' lang='lat' dir='ltr'><strong>confici</strong></span> <span class='ocrx_word' id='word_1_343' title='bbox 353 4047 361 4101; x_wconf 78' lang='lat'>3</span> <span class='ocrx_word' id='word_1_344' title='bbox 382 4025 435 4084; x_wconf 85' lang='lat' dir='ltr'><strong>sed</strong></span> <span class='ocrx_word' id='word_1_345' title='bbox 451 4025 541 4085; x_wconf 90' lang='lat' dir='ltr'><strong>huius</strong></span> <span class='ocrx_word' id='word_1_346' title='bbox 559 4031 721 4090; x_wconf 78' lang='lat' dir='ltr'><strong>sententiae</strong></span> <span class='ocrx_word' id='word_1_347' title='bbox 736 4034 868 4110; x_wconf 82' lang='lat' dir='ltr'><strong>gravitas</strong></span> <span class='ocrx_word' id='word_1_348' title='bbox 886 4038 1045 4115; x_wconf 86' lang='lat' dir='ltr'><strong>repetenda</strong></span> <span class='ocrx_word' id='word_1_349' title='bbox 1063 4047 1106 4096; x_wconf 87' lang='lat' dir='ltr'><strong>est</strong></span> <span class='ocrx_word' id='word_1_350' title='bbox 1123 4058 1139 4095; x_wconf 84' lang='lat' dir='ltr'><strong>a</strong></span> <span class='ocrx_word' id='word_1_351' title='bbox 1156 4038 1292 4097; x_wconf 81' lang='lat' dir='ltr'><strong>Plutonis</strong></span> <span class='ocrx_word' id='word_1_352' title='bbox 1311 4048 1413 4097; x_wconf 76' lang='lat' dir='ltr'><strong>ericto-</strong></span> 
     </span>
     <span class='ocr_line' id='line_1_38' title="bbox 240 4121 1311 4209; baseline 0.021 -32"><span class='ocrx_word' id='word_1_353' title='bbox 240 4121 338 4181; x_wconf 85' lang='lat' dir='ltr'><strong>rilstc.</strong></span> <span class='ocrx_word' id='word_1_354' title='bbox 384 4127 427 4184; x_wconf 83' lang='lat' dir='ltr'><strong>Ex</strong></span> <span class='ocrx_word' id='word_1_355' title='bbox 444 4122 504 4186; x_wconf 90' lang='lat' dir='ltr'><strong>hoc</strong></span> <span class='ocrx_word' id='word_1_356' title='bbox 519 4126 613 4209; x_wconf 82' lang='lat' dir='ltr'><strong>igitur</strong></span> <span class='ocrx_word' id='word_1_357' title='bbox 629 4131 713 4191; x_wconf 85' lang='lat' dir='ltr'><strong>fonte</strong></span> <span class='ocrx_word' id='word_1_358' title='bbox 729 4133 801 4194; x_wconf 86' lang='lat' dir='ltr'><strong>haec</strong></span> <span class='ocrx_word' id='word_1_359' title='bbox 816 4136 912 4195; x_wconf 89' lang='lat' dir='ltr'><strong>omnis</strong></span> <span class='ocrx_word' id='word_1_360' title='bbox 932 4140 1064 4198; x_wconf 89' lang='lat' dir='ltr'><strong>manabit</strong></span> <span class='ocrx_word' id='word_1_361' title='bbox 1079 4139 1189 4197; x_wconf 79' lang='lat' dir='ltr'><strong>oratio·</strong></span> <span class='ocrx_word' id='word_1_362' title='bbox 1211 4160 1238 4197; x_wconf 86' lang='lat' dir='ltr'><strong>c.</strong></span> <span class='ocrx_word' id='word_1_363' title='bbox 1260 4145 1311 4199; x_wconf 75' lang='lat'><strong>12.</strong></span> 
     </span>
    </p>
   </div>
   <div class='ocr_carea' id='block_1_7' title="bbox 324 4257 1413 4352">
    <p class='ocr_par' dir='ltr' id='par_1_8' title="bbox 324 4257 1413 4352">
     <span class='ocr_line' id='line_1_39' title="bbox 324 4257 1413 4352; baseline 0.019 -41"><span class='ocrx_word' id='word_1_364' title='bbox 324 4257 344 4313; x_wconf 87' lang='grc'><em>1.</em></span> <span class='ocrx_word' id='word_1_365' title='bbox 389 4258 647 4340; x_wconf 77' lang='lat' dir='ltr'><strong>Argumentatio,</strong></span> <span class='ocrx_word' id='word_1_366' title='bbox 670 4288 729 4344; x_wconf 86' lang='lat' dir='ltr'><strong>qua</strong></span> <span class='ocrx_word' id='word_1_367' title='bbox 744 4270 901 4347; x_wconf 86' lang='lat' dir='ltr'><strong>probatur,</strong></span> <span class='ocrx_word' id='word_1_368' title='bbox 920 4279 1035 4332; x_wconf 78' lang='lat' dir='ltr'><strong>virtuts</strong></span> <span class='ocrx_word' id='word_1_369' title='bbox 1054 4275 1140 4352; x_wconf 74' lang='lat' dir='ltr'><strong>effici</strong></span> <span class='ocrx_word' id='word_1_370' title='bbox 1160 4278 1260 4332; x_wconf 69' lang='lat' dir='ltr'><strong>visam</strong></span> <span class='ocrx_word' id='word_1_371' title='bbox 1281 4275 1413 4333; x_wconf 81' lang='lat' dir='ltr'><strong>bsnlnsn.</strong></span> 
     </span>
    </p>
   </div>
   <div class='ocr_carea' id='block_1_8' title="bbox 271 4375 1416 4569">
    <p class='ocr_par' dir='ltr' id='par_1_9' title="bbox 271 4375 1416 4569">
     <span class='ocr_line' id='line_1_40' title="bbox 271 4375 1414 4473; baseline 0.017 -42"><span class='ocrx_word' id='word_1_372' title='bbox 271 4375 302 4447; x_wconf 83' lang='lat' dir='ltr'><strong>e)</strong></span> <span class='ocrx_word' id='word_1_373' title='bbox 324 4376 453 4453; x_wconf 75' lang='lat' dir='ltr'><strong>Natura,</strong></span> <span class='ocrx_word' id='word_1_374' title='bbox 473 4391 519 4456; x_wconf 83' lang='lat' dir='ltr'><strong>ut,</strong></span> <span class='ocrx_word' id='word_1_375' title='bbox 542 4384 688 4460; x_wconf 83' lang='lat' dir='ltr'><strong>quicquid</strong></span> <span class='ocrx_word' id='word_1_376' title='bbox 701 4388 819 4464; x_wconf 80' lang='lat' dir='ltr'><strong>gennit,</strong></span> <span class='ocrx_word' id='word_1_377' title='bbox 843 4410 903 4447; x_wconf 90' lang='lat' dir='ltr'><strong>non</strong></span> <span class='ocrx_word' id='word_1_378' title='bbox 918 4390 1007 4450; x_wconf 86' lang='lat' dir='ltr'><strong>modo</strong></span> <span class='ocrx_word' id='word_1_379' title='bbox 1020 4391 1138 4465; x_wconf 89' lang='lat' dir='ltr'><strong>animal,</strong></span> <span class='ocrx_word' id='word_1_380' title='bbox 1158 4392 1314 4451; x_wconf 87' lang='lat' dir='ltr'><strong>sedetiam</strong></span> <span class='ocrx_word' id='word_1_381' title='bbox 1329 4394 1414 4473; x_wconf 83' lang='lat' dir='ltr'><strong>plen-</strong></span> 
     </span>
     <span class='ocr_line' id='line_1_41' title="bbox 325 4477 1416 4569; baseline 0.003 -20"><span class='ocrx_word' id='word_1_382' title='bbox 325 4483 385 4549; x_wconf 68' lang='lat' dir='ltr'><strong>¹⁰⁸s</strong></span> <span class='ocrx_word' id='word_1_383' title='bbox 408 4477 438 4536; x_wconf 67' lang='lat'><strong>5¹¹</strong></span> <span class='ocrx_word' id='word_1_384' title='bbox 458 4498 513 4539; x_wconf 67' lang='lat'><strong>¹¹0</strong></span> <span class='ocrx_word' id='word_1_385' title='bbox 530 4482 661 4560; x_wconf 84' lang='lat' dir='ltr'><strong>quidque</strong></span> <span class='ocrx_word' id='word_1_386' title='bbox 688 4504 794 4563; x_wconf 80' lang='lat' dir='ltr'><strong>genere</strong></span> <span class='ocrx_word' id='word_1_387' title='bbox 818 4493 1080 4569; x_wconf 84' lang='lat' dir='ltr'><strong>perfectissimum,</strong></span> <span class='ocrx_word' id='word_1_388' title='bbox 1108 4494 1151 4552; x_wconf 85' lang='lat' dir='ltr'><strong>sio</strong></span> <span class='ocrx_word' id='word_1_389' title='bbox 1169 4494 1342 4563; x_wconf 74' lang='lat' dir='ltr'><strong>hominem,</strong></span> <span class='ocrx_word' id='word_1_390' title='bbox 1366 4496 1416 4553; x_wconf 81' lang='lat' dir='ltr'><strong>cni</strong></span> 
     </span>
    </p>
   </div>
   <div class='ocr_carea' id='block_1_9' title="bbox 0 0 1455 5512">
    <p class='ocr_par' dir='ltr' id='par_1_10' title="bbox 0 0 1455 5512">
     <span class='ocr_line' id='line_1_42' title="bbox 0 0 1455 5512; baseline 0 0"><span class='ocrx_word' id='word_1_391' title='bbox 0 0 1455 5512; x_wconf 95' lang='lat' dir='ltr'><strong> </strong></span> 
     </span>
    </p>
   </div>
  </div>
 </body>
</html>
