2888 5512
245 272 273 329 X
659 280 818 329 El’lS'l'OLd
837 279 989 329 lilll'l'OlllS

244 396 546 518 persequendisque
567 416 851 511 disquisitionibus
869 417 1107 491 assuefaciendi
1126 418 1264 491 materia
1280 442 1386 516 suppo

245 558 416 630 ditaretur.

343 693 585 765 Adnotationes
607 697 740 763 nostrae
756 690 877 786 partim
891 696 1068 764 versantur
1091 692 1126 763 in
1141 692 1303 765 librorum
1317 694 1389 767 seri-
1437 792 1440 801 Ι

242 837 341 926 ptura
366 828 577 901 examinanda
595 834 628 899 et
645 828 687 899 ad
708 826 837 899 criticae
870 850 1019 899 normam
1046 829 1248 919 revocanda,
1280 830 1389 924 partin
1436 804 1440 831 ³

242 968 277 1038 in
295 965 496 1061 exponendis
517 965 627 1037 verbis
650 961 888 1056 sententiisque
916 987 952 1036 ac
977 965 1077 1036 rebus
1103 966 1300 1059 aperiendis.
1350 966 1391 1039 dc
1437 1030 1440 1035 .

243 1104 384 1197 primum
398 1103 503 1175 dicam
521 1102 560 1172 de
577 1100 698 1172 critica.
751 1098 892 1171 Secutus
914 1122 988 1170 sum
1007 1123 1079 1172 cum
1095 1100 1212 1173 Neidio
1228 1104 1389 1176 recensio-
1434 1184 1440 1209 1,

242 1262 319 1310 nem
333 1238 465 1329 woffii,
492 1236 567 1331 qui,
591 1237 676 1310 miro
692 1234 817 1331 ingenii
832 1234 979 1307 acumine
996 1242 1152 1327 ornatus,
1178 1238 1394 1331 exquisitissi-

243 1399 295 1447 rna
312 1373 544 1447 Ciceronianae
561 1371 808 1446 consuetudinis
828 1371 1052 1465 orationisque
1068 1373 1249 1469 elegantiae
1265 1374 1394 1447 scientis

244 1511 408 1601 munitus,
433 1534 559 1583 sunnma
573 1509 712 1600 denique
728 1509 857 1579 criticae
872 1507 1026 1579 facultate
1040 1510 1241 1602 instructus,
1266 1511 1303 1584 in
1318 1512 1397 1586 scri-
1436 1478 1440 1495 τ

242 1655 357 1741 pturae
377 1645 564 1739 integritate
592 1642 795 1717 restituenda
820 1642 1016 1715 excellenter
1040 1652 1194 1718 uersatus
1217 1654 1278 1719 cst.
1329 1648 1396 1721 Ita·

243 1805 305 1874 quc
331 1782 394 1853 etsi
418 1779 586 1853 nonnullis
607 1777 688 1850 locis
712 1778 747 1850 in
773 1778 936 1873 scriptura
953 1804 972 1851 a
988 1778 1109 1853 Wolfio
1132 1790 1264 1877 recepta
1287 1784 1397 1879 acqui·

242 1941 353 1990 escere
371 1942 440 1990 non
455 1916 566 2012 potui,
591 1921 719 2005 tamen,
746 1938 846 2008 quum
869 1922 954 1987 caet
971 1940 1072 2011 pauca
1096 1926 1207 1991 essent
1232 1944 1294 1993 nec
1311 1922 1398 1995 eius-

242 2055 349 2144 modi,
375 2061 412 2126 ut
428 2052 671 2149 elegantissima
688 2051 746 2123 illa
760 2051 909 2125 recensio
927 2052 1107 2126 deserenda
1121 2061 1220 2146 esset,
1246 2080 1332 2149 eam,
1357 2082 1397 2131 ne

241 2191 408 2263 leuissima
423 2191 554 2283 quidem
568 2189 711 2261 admissa
725 2189 915 2281 mutatione,
941 2189 1006 2262 nisi
1021 2191 1109 2284 quod
1122 2190 1287 2265 hincinde
1302 2218 1398 2289 aper·
1429 2222 1432 2227 ·

241 2325 369 2397 tissima
386 2325 662 2420 interpunctionis
682 2325 781 2416 vitia,
807 2349 889 2418 quae
907 2326 1144 2401 sententiarum
1161 2329 1398 2425 intelligentiae

244 2460 431 2552 officerent,
457 2460 595 2550 sustuli,
619 2461 782 2555 integram
799 2463 1011 2555 repetendam
1027 2464 1150 2537 curtari.
1200 2465 1322 2562 blegne
1335 2468 1399 2541 iarn

242 2598 490 2670 adnotationum
509 2620 656 2669 mearum
672 2602 765 2691 parte
780 2598 982 2692 perscripta,
1015 2599 1051 2670 in
1077 2600 1182 2673 lucem
1202 2604 1400 2696 prodierunt
1429 2634 1440 2697 '.

245 2734 462 2824 Tusculanae,
483 2732 600 2807 Orellii
617 2733 786 2828 diligentia
802 2740 898 2827 atquc
914 2734 1060 2807 acumine
1074 2738 1274 2810 recensitae:
1300 2764 1398 2832 quarn
1437 2802 1440 2819 ,

241 2871 418 2944 editionem
434 2894 534 2965 quum
550 2869 677 2943 eximiis
691 2870 787 2943 bonis
802 2871 949 2943 viderem
964 2872 1158 2945 cumulatam
1174 2881 1207 2945 et
1220 2876 1400 2971 compluri—

239 3008 302 3080 bus
320 3008 401 3081 locis
420 3006 619 3081 aWolfiana
643 3007 834 3080 recensione
852 3008 1107 3102 discrepantem,
1139 3009 1219 3102 leci,
1252 3018 1306 3103 ut,
1343 3038 1399 3087 re-

241 3144 389 3216 tractatis
409 3168 489 3236 quas
508 3145 705 3240 scripseram
721 3145 987 3218 adnotationibus
1003 3145 1143 3237 criticis,
1168 3149 1207 3219 ab
1227 3147 1322 3220 initio
1339 3174 1399 3223 us·
1436 3208 1440 3249 ἐ

243 3301 305 3370 que
329 3279 371 3351 ad
395 3279 493 3351 finem
516 3280 599 3353 lianc
625 3281 849 3355 recensionem
877 3307 949 3355 cum
972 3282 1135 3356 Wolfiana
1158 3283 1343 3357 conferrem
1366 3292 1398 3359 et

239 3421 343 3486 totam
369 3414 565 3489 cruentius
594 3418 849 3511 scripturarum,
881 3420 919 3490 ab
938 3418 1062 3490 Orellio
1081 3427 1304 3511 enotatarum,
1338 3423 1400 3495 sil·
1425 3396 1439 3505 l

240 3574 332 3641 uam,
365 3558 486 3644 quanta
504 3552 644 3623 maxima
663 3575 796 3646 possem
819 3552 987 3647 diligentia
1009 3555 1277 3651 pervestigamus.
1330 3560 1398 3631 Nec

240 3686 386 3783 prolecto
400 3686 588 3783 poenitebat
602 3710 652 3759 mc
668 3687 751 3760 banc
761 3688 969 3761 collationem
983 3689 1180 3783 instituisse,
1197 3693 1395 3791 laboriosam
1428 3788 1431 3793 Ι

239 3826 330 3897 illarn
346 3825 487 3918 quidem,
513 3824 572 3897 sed
587 3824 735 3897 maximis
752 3824 956 3899 coniunctam
970 3824 1150 3919 fructibus,
1176 3831 1299 3902 namin
1317 3855 1395 3926 per·
1421 3800 1438 3915 ζ’

242 3986 338 4054 quam
355 3960 468 4034 multis
485 3960 586 4051 locis,
617 3961 653 4033 in
671 3961 787 4055 quibus
805 3962 899 4058 prius
913 3986 1031 4058 anceps
1049 3970 1082 4035 ct
1108 3965 1226 4038 dubius
1249 3966 1395 4041 baesita-
1420 3966 1423 3973 ’

242 4121 371 4187 veram,
395 4120 482 4170 nunc
507 4097 564 4169 lur
588 4096 669 4169 mili
692 4100 925 4174 accendebatur
952 4100 1142 4174 clarissima.
1421 4090 1439 4098 '⁸

340 4234 411 4307 lam
424 4258 523 4325 uero,
550 4258 649 4326 quum
668 4234 809 4309 Wolfius
827 4237 862 4308 in
880 4237 1021 4310 editione
1039 4262 1099 4309 sua
1112 4238 1227 4310 inimo
1245 4242 1393 4335 rrrargine
1418 4208 1431 4335 ἱ

239 4368 455 4443 llrnestianae
478 4370 680 4443 recensionis
699 4371 922 4444 diversitatem
940 4374 1131 4465 subiecerit,
1163 4381 1200 4446 ut
1223 4400 1290 4447 uno
1315 4402 1394 4449 ctoru-
1418 4338 1432 4365 ι’

240 4514 353 4601 spectu
371 4506 629 4604 intelligeretur,
656 4508 774 4601 quibus
793 4509 891 4581 rebus
909 4509 986 4581 haec
1001 4534 1061 4583 sua
1077 4511 1224 4585 recensio
1244 4512 1394 4587 dillerret
1426 4486 1429 4493 Ι
