2888 5512
508 112 790 173 urrunnun.
1168 106 1225 173 401

62 249 127 313 qno
151 227 209 291 vita
232 249 291 290 nou
317 228 444 312 adspirat
466 228 561 292 bonta.
609 230 656 291 M.
682 230 757 313 Quid
783 232 891 315 igitur?
921 236 1021 297 solane
1045 237 1131 300 beata
1154 243 1225 320 vita,

63 358 192 423 quaeso,
218 336 391 421 relinquitur
410 349 497 401 extra
517 341 622 402 ostium
647 341 792 424 limenque
814 344 958 423 carceris,
990 368 1075 429 qnuru
1090 363 1227 415 constan·

61 450 120 528 tia,
153 448 301 532 gravitas,
335 449 489 528 lortitndo,
521 450 662 535 sapientia
688 453 899 537 reliquaeque⁶
927 455 1052 519 virtutes
1078 459 1227 543 rapiantur

60 560 98 625 ud
111 570 257 623 tortorem
272 559 438 643 nullumque
452 572 591 623 recusent
603 582 658 624 uec
674 563 843 647 supplicium
861 585 914 628 neo
932 566 1082 630 doloreml
1103 569 1142 633 A.
1162 570 1223 652 Tu,

59 670 172 755 siquid
189 690 223 733 es
243 671 391 747 lauturus,
414 692 491 733 nova
509 671 604 755 aliqua
620 674 775 757 conquiras
791 685 917 759 oportet.
963 674 1025 740 lsta
1044 700 1090 743 me
1106 681 1224 747 minime

60 791 201 860 movent,
230 800 290 843 uon
313 780 407 843 solum
428 781 493 864 quia
514 782 684 866 pervulgata
703 794 786 863 sunt,
817 787 868 848 sed
893 787 1115 872 multomagis,
1142 793 1221 875 quia,

61 902 197 975 tauquam
217 891 292 953 levia
313 891 453 974 quaedam
472 893 541 954 vina
559 892 630 954 nihil
644 894 745 956 valent
761 895 788 957 in
805 916 897 979 aqua,
921 897 963 959 sio
984 894 1152 963 Stoicorum
1167 902 1224 966 ista

60 1002 158 1085 iungis
170 1010 303 1087 gustam,
328 1023 412 1084 qnam
427 1015 526 1086 potata
542 1004 697 1066 delectant.
744 1003 834 1068 Velut
849 1007 904 1070 iste
918 1007 1026 1070 chorus
1038 1008 1177 1074 virtutum
1192 1012 1223 1077 iu

60 1112 193 1177 eeuleu
209 1112 361 1197 impositus
377 1112 519 1198 imagines
536 1115 686 1177 constitnit
701 1126 769 1178 aute
787 1117 887 1180 oculos
907 1139 971 1181 enm
988 1120 1165 1204 amplissima
1181 1124 1224 1187 di·

59 1223 190 1309 gnitate,
213 1232 245 1285 ut
256 1222 291 1287 ad
309 1242 361 1285 eas
377 1222 484 1286 cursim
504 1228 697 1308 perrectura⁷
715 1245 770 1287 nee
786 1246 835 1289 eas
854 1226 940 1291 beata
953 1228 1014 1291 vita
1032 1252 1049 1292 a
1072 1252 1105 1293 se
1122 1233 1223 1297 deser·

58 1345 109 1397 tas
127 1352 249 1418 passura
262 1332 407 1396 videatur.
456 1342 506 1398 tr.
532 1332 628 1415 Quum
647 1326 890 1415 aurenanimun‘·
899 1337 937 1400 ab
950 1338 1006 1401 ista
1018 1340 1135 1422 pictura
1151 1344 1223 1407 ima-

59 1443 235 1529 ginibusque
246 1443 388 1506 virtutum
402 1444 436 1506 ad
450 1465 512 1507 rem
526 1445 739 1529 veritatemque
752 1446 936 1527 traduxerim
959 1449 1013 1512 lroo
1028 1452 1160 1515 nndnm²
1176 1475 1223 1518 re·

58 1554 219 1639 linquitur,
249 1552 379 1639 possitue
399 1553 463 1638 quis
483 1555 586 1618 beatus
610 1576 694 1633 esse,
730 1558 863 1641 quamdin
886 1568 1067 1642 torqueatur.
1112 1560 1222 1646 Quam·

27 1688 31 1693 ·
58 1666 162 1730 obrem
175 1664 232 1729 boo
247 1686 325 1729 nunu
339 1686 530 1748 quaeramus3
560 1666 685 1729 virtutes
704 1679 821 1746 autem,
850 1668 910 1730 ooli
929 1670 1046 1750 vereri,
1071 1693 1109 1736 ue
1128 1694 1221 1760 expo-
1283 1742 1289 1761 ¹

58 1776 169 1841 stulent
185 1786 217 1839 et
234 1786 408 1861 querantur,
433 1796 466 1839 se
483 1797 499 1837 a
515 1776 600 1839 beata
612 1776 671 1839 vita
686 1796 754 1839 esse
770 1778 908 1857 relictas3
931 1780 955 1842 si
972 1781 1049 1842 enim
1066 1783 1144 1845 nulla
1160 1785 1221 1847 rir-

56 1896 105 1951 tus
121 1882 285 1973 'prurientia
307 1895 408 1965 renat,
438 1886 589 1970 prudentia
615 1886 678 1971 ipsa
702 1887 758 1949 hoo
783 1887 880 1967 videt,
914 1910 971 1951 uon
995 1911 1097 1954 munos
1127 1892 1221 1956 honos

56 2016 127 2063 esse
142 1995 231 2061 etiam
241 1994 361 2076 matos,
383 1997 530 2081 multaque
545 1998 580 2059 de
593 1994 637 2060 Μ.
654 1996 764 2077 Atilio,
789 1996 829 2079 Q.
844 1994 1008 2084 Caepione,
1030 1998 1086 2063 Μ’.
1100 2002 1220 2088 Aquilio

55 2107 250 2185 recordatur,
274 2106 445 2191 beatamque
462 2106 551 2170 vitam
569 2108 607 2189 (si
627 2107 801 2192 imaginibus
819 2109 915 2193 potins
939 2111 998 2188 nti,
1028 2133 1111 2195 qnam
1132 2114 1218 2178 rebus

55 2218 133 2303 ipsis
148 2217 275 2303 placet)
294 2230 447 2283 nouantem
466 2216 510 2280 ire
524 2219 553 2279 in
571 2217 702 2281 eculeum
719 2219 827 2281 retinet
841 2220 904 2303 ipsa
919 2222 1094 2304 prudentia⁷
1114 2235 1217 2307 negat-

56 2348 115 2413 que
138 2328 166 2393 ei
188 2348 252 2391 onor
273 2328 375 2392 dolore
396 2339 427 2391 et
448 2327 578 2391 ornoiatu
600 2328 750 2412 quiequam
773 2350 840 2391 esse
862 2350 1026 2393 commune.

123 2468 142 2525 6
158 2475 202 2525 Tr.
216 2490 232 2523 a
248 2470 314 2523 (lud.
324 2473 356 2525 ll,
373 2482 400 2523 et
414 2472 509 2539 aliquot
527 2471 584 2522 edd.
599 2481 661 2522 vett.
674 2476 792 2536 reliquae:
808 2471 876 2540 quod
891 2472 966 2525 etiam
980 2474 1023 2524 Kl.
1042 2473 1066 2524 iu
1076 2474 1140 2526 And.
1156 2494 1219 2545 pro-

57 2540 324 2601 betnedimmerito.
358 2542 389 2591 V.
406 2539 439 2590 ad
453 2542 495 2591 tv.
510 2538 560 2601 31,
577 2534 618 2590 66.
653 2537 710 2593 lv.
727 2540 790 2591 Adn.

57 2642 105 2695 'nte
114 2660 213 2695 omnem
224 2658 307 2692 rerum
318 2641 462 2692 memoriam
473 2640 582 2691 breuiter
590 2668 623 2681 -
648 2642 681 2691 ef.
699 2644 828 2693 Geruburd.
842 2642 875 2693 ad
886 2643 939 2695 Cat.
948 2644 1007 2694 Mai.
1022 2642 1060 2701 19,
1070 2646 1110 2698 71.
1125 2665 1151 2714 p.
1162 2650 1217 2701 135.

57 2710 199 2779 eomplexua
214 2708 274 2760 est?
308 2709 491 2777 latumipaum,
515 2708 622 2776 iuquam,
697 2712 779 2760 eburno
803 2712 926 2779 virtutum]
953 2712 1002 2762 off.
1025 2714 1067 2761 ttt.
1086 2714 1216 2775 33,116:

57 2780 139 2840 beuta,
154 2779 213 2831 tuo
225 2778 316 2829 librum
328 2777 389 2829 milri
401 2777 474 2828 saluti
485 2776 568 2827 luisse.
592 2778 622 2827 V.
646 2776 704 2827 huic
720 2778 806 2827 talium
822 2783 934 2829 uirtutum
950 2783 1027 2828 choro.

57 2848 205 2911 lloetrrupum
222 2846 321 2897 Grieela.
338 2846 430 2897 Partik.
443 2846 474 2896 T.
488 2846 506 2894 l.
526 2864 551 2911 p.
563 2842 622 2896 490.
702 2852 837 2907 pauentum
852 2861 894 2895 nee
910 2860 950 2895 eus
965 2850 1033 2895 mutu
1049 2846 1110 2913 utto]
1136 2848 1217 2895 Erno-

57 2916 183 2967 etuosiu
201 2914 246 2965 Gr.
261 2914 292 2965 Ia.
311 2912 407 2985 9.]33,
424 2912 449 2965 2.
466 2912 497 2977 Α)
516 2914 548 2977 o).
647 2911 709 2962 otius
725 2930 745 2962 c.
765 2914 795 2961 l).
812 2911 851 2961 ed.
866 2912 891 2961 2.
908 2928 922 2961 e
940 2910 1003 2961 coni.
1020 2910 1103 2961 dedit:
1118 2919 1216 2974 penset.

105 2985 129 3051 ᾗ.
138 2982 179 3034 13.
195 2982 309 3099 ml]
325 2980 430 3033 Eouleuo
443 2990 498 3030 erat
512 2979 624 3030 machina
648 2984 716 3029 trenta
739 2983 789 3029 otta
811 2994 852 3028 neo
874 2993 915 3027 eos
932 2994 948 3026 o
964 2993 988 3027 se
1007 2981 1123 3029 demus:
1148 2980 1218 3047 quod

55 3050 147 3117 lignea,
167 3048 200 3099 ud
217 3048 273 3116 equi
299 3066 393 3101 ormam
410 3049 484 3105 laeta,
502 3058 623 3115 torqueu—
648 3063 721 3096 neruo
737 3045 809 3095 facile
826 3044 954 3111 probaritt
979 3063 1054 3113 saepo
1074 3046 1139 3097 euim
1155 3048 1216 3099 oub-

56 3118 95 3169 dia
109 3116 252 3167 homiuibus
265 3118 414 3185 comparata.
450 3118 525 3167 Der.
543 3114 707 3187 udapigiecti
731 3130 822 3163 nomen
846 3113 948 3179 ponitur
971 3112 997 3163 iu
1021 3114 1100 3166 altero
1118 3115 1216 3167 demum

55 3188 139 3247 randi,
153 3183 221 3251 quod
232 3192 270 3235 eat
282 3184 401 3237 medere
413 3184 504 3235 endere
514 3183 554 3233 rel
564 3193 623 3232 teu·
647 3182 786 3231 sententiae
800 3182 926 3242 membro,
944 3198 1017 3249 quum
1035 3182 1060 3232 in
1076 3183 1160 3250 priore
1175 3185 1216 3237 lo-

57 3262 125 3315 ure,
150 3250 267 3305 adiuncta
288 3254 400 3339 ”⁰522
416 3252 496 3305 inanis
521 3261 624 3301 conatus
649 3268 703 3300 curn
730 3265 851 3315 occupare
867 3248 965 3299 debeat.
1009 3250 1047 3300 cl.
1065 3252 1177 3318 exempla
1200 3272 1216 3305 a

59 3322 115 3389 licit
128 3320 281 3385 medoen),
302 3322 337 3373 nl'.
385 3318 434 3401 52,
450 3318 494 3375 27.
518 3329 543 3369 et
560 3336 624 3387 quaa
651 3321 785 3381 tt'oplrenaio
800 3319 881 3367 Lectt.
894 3317 960 3367 Tull.
976 3319 1002 3377 l,
1022 3316 1059 3369 19.
1083 3336 1108 3386 p.
1122 3319 1170 3375 146
1178 3338 1215 3390 oq.

59 3390 212 3441 eoutnleruut
231 3392 350 3441 tudam
425 3406 463 3441 or.
480 3404 506 3455 p.
524 3386 622 3438 Caeciu.
648 3404 698 3437 nou
716 3385 776 3434 satir
794 3384 924 3435 distribute
942 3396 1068 3451 congesta.

60 3454 97 3520 11,
109 3456 151 3511 39.
167 3476 194 3524 p.
203 3458 263 3509 ¹210.
281 3466 309 3507 et
323 3458 464 3509 namma
476 3456 509 3506 ad
523 3473 559 3506 or.
576 3472 622 3522 pro
699 3456 722 3519 q.
735 3450 773 3504 ll.
800 3456 834 3503 ud
848 3469 899 3505 rem
912 3456 1086 3521 unitatemque]
1112 3458 1217 3508 ltenlttus

58 3524 83 3577 P.
95 3524 163 3577 tulta
174 3524 214 3585 18,
224 3524 266 3575 52.
282 3524 363 3591 pat:
381 3541 485 3593 quorum
499 3522 541 3573 ille
555 3533 623 3575 reete
647 3521 672 3571 in
682 3522 799 3572 otnervv.
813 3520 880 3570 ined.
897 3538 977 3589 comp.
992 3522 1024 3572 de
1037 3526 1078 3574 Or.
1088 3526 1107 3573 l.
1117 3524 1155 3585 17,
1166 3525 1213 3579 77:

59 3590 143 3655 donet,
168 3592 231 3644 illud
246 3592 362 3651 verbum,
388 3601 417 3643 ut
437 3590 506 3661 quod
523 3591 623 3659 proprie
647 3589 787 3649 videamus,
805 3606 836 3639 ne
854 3589 908 3656 plue
925 3590 948 3640 ei
964 3591 1071 3652 tribune,
1091 3609 1163 3660 quam
1179 3606 1216 3641 rea

56 3664 138 3725 quatu
160 3664 245 3723 quast,
267 3660 322 3711 ie.
337 3660 394 3721 rix,
417 3664 528 3724 odmpere
543 3669 621 3718 notet,
647 3668 673 3707 et
686 3662 771 3709 veritus
784 3657 838 3723 ipsa
853 3658 981 3708 concedat.
998 3660 1077 3711 Thuc.
1088 3661 1118 3707 ll.
1128 3656 1171 3717 41,
1182 3660 1213 3707 ⁴2:

56 3728 123 3797 apud
145 3727 196 3777 cic.
220 3726 247 3775 iu
269 3728 389 3794 negativis
414 3727 623 3779 enuntiationibus
648 3724 726 3791 ἔργων
742 3721 858 3791 ἀλήθεια.

55 3805 98 3847 eut
116 3792 316 3858 interrogativis,
337 3812 401 3863 quae
414 3794 466 3845 vim
483 3794 624 3862 negativam
697 3795 740 3842 boe
755 3794 846 3842 nudum
859 3791 1007 3857 relinquitur]
1034 3788 1112 3840 codd.
1130 3790 1215 3845 Gnell.

55 3862 165 3919 hbent]
182 3856 293 3925 reperiri.
648 3868 674 3910 et
692 3864 753 3927 Aug.
794 3864 936 3910 rorandum
957 3858 1073 3907 exhibent
1096 3861 1214 3911 nmmum:

104 3930 199 3993 siquid
213 3943 237 3978 ea
250 3929 356 3989 {odem
379 3930 444 3983 ltu
459 3931 622 3999 probaturum
649 3927 716 3995 qnod
734 3878 848 4006 probavit
867 3930 923 3976 Em.
960 3932 992 3975 At
1011 3928 1102 3976 nudum
1117 3929 1214 3996 egregie

56 4000 131 4051 aime
150 3995 355 4047 convinceretur
429 4002 542 4050 -Ner'dlun
649 3995 877 4062 opponrtnrverbia
890 3994 1100 4044 antecedentibus.
1121 3998 1216 4063 Wolfiur

103 4074 220 4130 tunquam
233 4066 296 4114 levia
309 4064 427 4126 mutan
437 4070 504 4132 nno]
519 4063 623 4125 Tenuia,
649 4080 729 4130 comp.
747 4066 791 4113 Or.
808 4064 869 4111 Met.
887 4062 932 4123 13,
951 4062 1009 4114 159:
1030 4064 1095 4130 Ergo
1113 4082 1214 4132 operum

55 4152 118 4207 quae
141 4134 231 4185 leviter
256 4130 337 4183 diluta
361 4148 473 4199 raporum
496 4134 622 4193 emittunt,
648 4130 764 4197 quonium
777 4132 869 4182 nudum
883 4139 1005 4182 certamen
1016 4132 1129 4184 habetur.
1152 4137 1216 4185 lleu-

53 4220 118 4323 l'd'i
131 4200 623 4321 lillib⁸li¹⁵la⁸⁰il¹aalll⁰ldld¹
648 4196 1216 4333 '‘t'l‘lttttttttttdtlffitldr

46 4306 49 4311 ·
616 4308 623 4320 ·
725 4302 732 4314 ·
826 4304 833 4329 r
881 4303 887 4315 ·
1027 4305 1036 4331 a
1087 4304 1093 4316 ·

10 4352 14 4369 ι
50 4342 125 4397 Hm.
160 4340 199 4388 De
215 4286 336 4405 partldnla
353 4343 470 4400 tunquam
483 4334 508 4386 iu
521 4354 623 4404 oompn-
648 4336 679 4386 V.
697 4333 773 4384 ludio.
789 4334 848 4386 hist

10 4414 15 4419 '
51 4408 152 4465 ratione
166 4422 213 4473 pro
227 4410 255 4457 ut
273 4404 314 4456 aul
329 4404 528 4471 queawdrnodrn
543 4404 624 4475 posita
699 4407 778 4455 retinet
791 4405 992 4465 ipaoprudentr'u]
1007 4401 1089 4453 Verba
1102 4405 1156 4462 tpau
1172 4402 1218 4447 ntr-

104 4488 246 4545 adquam·
978 4476 1018 4529 26
