2888 5512
427 667 846 749 asranrransmrrounu.
1161 687 1232 746 xxi

33 912 43 957 ,ὁ
58 835 93 909 u
107 832 165 907 lis
181 832 280 906 libris
296 833 416 907 menta
430 857 549 929 magna
565 857 653 924 esse,
680 835 755 929 quis
772 834 899 931 negetl
925 842 969 927 et,
996 837 1026 908 si
1041 837 1116 930 quis
1133 838 1231 930 alins,

61 992 115 1066 ego
133 992 175 1042 ea
191 969 341 1066 suspicio
357 992 396 1043 ac
409 970 521 1064 magni
536 969 621 1042 facio
642 977 693 1060 et,
727 971 913 1063 ubicunqne
932 972 1157 1068 suppeditavit
1174 995 1231 1046 oe-

58 1104 161 1194 casio,
196 1104 298 1177 iustis
316 1103 503 1197 debitisque
519 1105 672 1177 laudibus
690 1105 811 1199 ermli3
844 1107 903 1178 sed
920 1130 983 1203 ego
997 1108 1087 1180 idem
1108 1130 1230 1203 negare

61 1264 121 1313 aon
136 1262 297 1334 possum,
322 1239 557 1334 magnaemibi
572 1262 671 1334 saepe
695 1240 799 1313 fuisse
830 1241 1006 1314 offensioni
1034 1267 1104 1315 non
1132 1244 1230 1316 modo

60 1374 288 1464 nsolentiam,
313 1398 380 1468 qua
397 1374 450 1447 rel
469 1374 608 1446 summis
626 1376 715 1447 etde
734 1375 894 1449 Cicerone
912 1377 1144 1450 immortaliter
1160 1401 1231 1449 me-

61 1510 128 1582 ritis
145 1508 234 1583 viris
248 1507 437 1598 insultavit,
463 1509 524 1580 sed
540 1509 639 1581 etiam
655 1511 931 1603 ostentationem,
959 1537 1023 1605 qna
1039 1512 1165 1608 ingenii
1179 1513 1232 1585 sni

31 1628 269 1740 'mgaeitatem
286 1642 433 1715 iactavit
485 1642 621 1716 Utinam
645 1646 780 1718 tandem
803 1646 979 1739 aliquando
1005 1672 1139 1740 omnes,
1175 1648 1232 1741 qui

61 1780 264 1875 praeclaram
281 1776 495 1850 humanitatis
514 1777 722 1874 disciplinam
740 1787 901 1872 tractant,
932 1782 980 1854 ita
995 1788 1159 1872 tractent,
1195 1787 1233 1854 ut

62 1937 100 1987 ex
121 1937 162 1985 ea
180 1935 250 1984 non
268 1911 374 1984 solum
399 1913 442 1983 ad
458 1912 630 2007 ingenium
658 1915 841 1986 acuendum
863 1895 1139 2009 lingendumque,
1173 1915 1233 1986 sed

59 2047 218 2120 etiamad
241 2069 353 2118 mores
372 2046 596 2120 emendandos
622 2049 904 2142 emolliendosque
920 2051 1109 2123 uberrimus
1134 2048 1231 2122 efflo-

59 2189 165 2256 rescat
190 2205 229 2254 ac
254 2181 419 2254 redundet
445 2180 592 2254 lruetusl

154 2317 270 2391 Alteri
290 2316 487 2408 interpretis
508 2315 636 2406 allicio,
672 2319 762 2410 quod
784 2318 822 2389 in
848 2318 1109 2423 interpretandis
1129 2321 1230 2391 rebus

59 2451 297 2544 sententiisque
312 2456 347 2522 et
359 2451 396 2522 in
409 2449 601 2543 explicando
619 2450 829 2524 ciceroniani
841 2452 1007 2524 sermonis
1021 2451 1156 2546 ingenio
1169 2476 1233 2545 po-

59 2588 156 2682 situm
171 2593 235 2675 est,
262 2608 363 2678 quum
378 2582 548 2678 prioribus
563 2584 648 2656 meis
663 2585 863 2658 editionibus
877 2586 1010 2681 plenius
1026 2583 1233 2659 satisfactum

59 2723 245 2811 rideretur,
278 2742 368 2792 nune
386 2719 515 2790 minore
537 2743 639 2815 opera
661 2743 700 2792 eo
723 2719 897 2794 defunctus
915 2745 1008 2812 sum,
1045 2744 1232 2814 quanquam

28 2842 34 2851 ⁸
59 2857 137 2931 nihil
152 2855 423 2953 praetermittere
441 2854 572 2944 studui,
599 2877 664 2946 quo
683 2855 739 2928 vel
754 2856 973 2951 intelligentia
990 2856 1112 2929 horum
1127 2855 1232 2929 libro-

59 3016 126 3065 mm
146 2995 428 3089 promereretur,
453 2987 508 3061 vel
531 2989 697 3062 sermonis
713 2987 827 3062 Latini
846 2991 1075 3086 imprimisque
1096 2988 1230 3063 cicero-

60 3128 145 3200 niani
161 3123 358 3222 proprietas
371 3123 493 3195 clarius
507 3123 748 3214 illustraretur,
775 3125 830 3199 vel
846 3126 1076 3221 grammaticae
1091 3123 1231 3197 Latinae

60 3264 137 3335 ratio
164 3261 323 3335 subtilius
347 3259 587 3331 enuclearetur.
647 3258 832 3355 Egregium
857 3261 933 3332 lruie
957 3283 1064 3332 norae
1094 3256 1232 3328 editioni

61 3401 289 3470 ornamentum
315 3393 454 3466 accessit
488 3392 614 3487 insigni
636 3393 840 3466 humanitate
874 3389 1057 3460 Fridericc‘
1076 3388 1235 3478 Augusti

63 3525 219 3620 Manlii,
245 3527 420 3601 clarissimi
439 3533 473 3598 et
489 3527 708 3600 eruditissimi
724 3528 760 3598 in
779 3525 953 3620 gymnasio
974 3523 1150 3596 Bremensi
1171 3524 1232 3596 do-

63 3665 161 3739 ctoris
180 3663 323 3755 miliique
341 3662 547 3751 anneissimi,
575 3660 633 3754 qui
651 3684 753 3754 quum
769 3683 810 3732 ex
827 3683 878 3731 me
897 3660 1062 3748 audisset,
1088 3660 1124 3730 in
1143 3682 1232 3732 nova

64 3799 325 3873 Tusculanarum
357 3797 501 3869 editione
535 3797 683 3890 paranda
719 3818 771 3866 me
799 3795 947 3885 versari,
981 3795 1231 3868 observationes

67 3958 156 4025 toas,
187 3933 377 4008 Ratbianae
399 3931 554 4004 editionis
573 3931 717 4025 margini
741 3930 944 4025 adscriptas,
980 3930 1096 4001 adme
1119 3936 1233 4002 trans-

65 4071 147 4142 misit
170 4092 295 4163 easqne
317 4068 399 4141 mihi
423 4091 485 4163 pro
511 4067 673 4139 arbitratu
697 4066 839 4138 utendas
855 4065 1029 4138 concessit.
1084 4064 1174 4158 Quae
1193 4087 1233 4137 ex

68 4203 107 4275 eis
133 4203 298 4294 delibavi,
333 4203 440 4300 ipsius
463 4194 824 4290 nomine(„Menlr1ies
850 4199 889 4267 in
916 4197 1233 4269 observationibus

70 4334 243 4429 ineditis‘)
262 4338 372 4411 attuli.
424 4337 476 4408 De
500 4337 663 4432 singulari
685 4336 746 4407 boc
764 4333 871 4407 officio
890 4336 1016 4430 gratias
1037 4335 1111 4407 viro
1136 4353 1234 4425 prae-

70 4474 268 4548 stantissimo
296 4479 330 4545 et
355 4497 417 4568 ago
443 4479 477 4544 ct
503 4471 606 4543 habeo
633 4477 774 4563 quantas
800 4494 938 4564 possum
963 4469 1132 4540 maximas.

162 4608 212 4683 Ut
237 4608 337 4681 etiarn
362 4608 526 4679 tenuioris
560 4607 662 4678 sortis
689 4605 953 4677 adolescentibus
991 4604 1233 4694 consuleretur,

70 4764 125 4817 una
143 4767 219 4818 cum
237 4745 298 4818 hac
320 4744 464 4816 editione
480 4744 642 4835 minorem
658 4741 837 4830 adornavi,
865 4738 1017 4812 breviore
1037 4740 1233 4814 instructam

74 4879 283 4954 adnotatione.
