2946 5550
577 346 699 394 traua
719 347 749 394 v.
767 344 815 407 ao,
836 342 891 394 rto.
1261 328 1324 397 473

144 480 277 545 xagoras
292 472 342 524 eut
362 461 408 523 hic
424 462 487 545 ipse
505 458 697 526 Democritus
712 482 800 545 agros
815 473 844 524 et
858 464 1031 545 patrimonia
1049 483 1102 525 sua
1120 463 1321 546 reliquissent,

144 571 216 634 truie
233 570 363 633 discendi
384 572 600 654 quaerendique
625 572 741 634 divinae
762 571 950 633 delectationi
973 582 1034 634 toto
1055 592 1088 634 se
1107 573 1205 635 animo
1227 574 1322 636 dedis-

144 682 266 744 seut²i
308 678 413 764 ltaque
436 701 577 762 augurem
607 679 772 758 Tiresiam,
803 701 888 763 quem
919 682 1082 765 sapientem
1113 682 1224 764 lingunt
1253 691 1323 766 poli-

144 801 207 867 tae,
228 810 375 873 nunquam
392 790 533 853 inducunt
547 791 747 874 deplorantem
761 790 934 852 caecitatem
948 812 1043 852 sunm.
1090 791 1130 852 At
1147 799 1220 855 'vcro
1232 789 1323 876 Poly-

144 899 283 985 pltemum
309 898 458 961 Homerus
480 921 567 982 quum
593 900 747 962 immanem
776 902 927 981 lorumque
952 900 1104 976 finxisset,
1140 922 1205 962 cum
1230 900 1323 963 arieto

89 1070 91 1077 ,
144 1009 236 1072 aiam
252 1008 468 1099 colloquentem
487 1009 557 1071 iacit
575 1010 697 1092 eiusque
712 1010 832 1071 laudare
851 1011 1001 1085 fortunas,
1027 1009 1121 1091 qrtod,
1147 1030 1202 1090 qua
1219 1009 1320 1087 vellet,

145 1118 263 1202 ingredi
282 1127 384 1200 posset
398 1127 445 1195 et,
470 1138 544 1200 quac
559 1118 664 1196 vellet,
689 1118 871 1200 attingere³.
919 1116 1014 1180 Recte
1032 1118 1078 1179 liic
1093 1118 1220 1200 quidem.
1265 1116 1321 1181 Ni·

145 1227 207 1291 ltilo
231 1227 307 1289 enim
330 1238 395 1289 erat
417 1227 479 1310 ipse
502 1224 650 1312 Cyclops,
675 1248 759 1310 quam
784 1227 862 1289 aries
885 1227 950 1304 illc,
976 1228 1156 1310 prudentior.

232 1333 305 1399 XL.
353 1346 425 1400 tto.
450 1334 484 1399 ln
500 1338 644 1399 surditate
661 1357 734 1399 vero
748 1337 881 1419 quidnam
899 1346 945 1399 est
961 1337 1047 1399 mali?
1080 1335 1155 1398 Erat
1169 1337 1322 1400 surdaster

147 1443 194 1508 Μ.
219 1440 366 1524 Crassus3
399 1445 450 1508 aed
475 1447 551 1508 aliud
576 1446 744 1524 molestius,
777 1447 852 1528 qnod
877 1447 954 1508 male
979 1445 1134 1522 audiebat,
1168 1447 1253 1508 etium
1281 1448 1319 1522 si,

147 1564 182 1617 ut
195 1554 264 1617 milti
276 1555 443 1633 videbatur,
467 1555 585 1618 iniurid.
619 1554 746 1619 Nostri¹
765 1553 881 1618 Graece
896 1557 958 1618 lere
972 1555 1118 1633 nesciunt,
1144 1576 1198 1617 nec
1211 1552 1321 1618 Gracci

89 1672 92 1711 ἓ
147 1660 268 1728 Latine.
314 1661 398 1748 Ergo
412 1665 440 1727 hi
455 1665 485 1726 in
502 1665 617 1727 illorum
630 1676 660 1727 et
674 1665 714 1727 illi
729 1665 758 1727 iu
774 1665 876 1727 horum
892 1685 1029 1727 sermone
1043 1664 1135 1742 surdi,
1161 1684 1321 1746 omnesque

89 1760 93 1883 ξ
146 1773 201 1837 id¹
222 1794 276 1837 uos
295 1774 325 1837 in
344 1774 381 1836 iis
398 1774 523 1857 linguis,
544 1796 617 1858 quaa
635 1795 694 1839 uon
712 1775 918 1857 intelligimus,
947 1794 1023 1857 quae
1040 1783 1110 1837 sunt
1124 1773 1321 1835 innumerabi-

90 1972 93 1997 ι
216 1950 234 2000 ‘d
250 1951 293 2001 Sic
308 1950 408 2018 plurimi
424 1950 515 2013 codd.,
534 1952 611 2002 etiam
626 1952 654 2000 li.
671 1952 698 2001 P.
716 1950 781 2001 Gud.
795 1950 816 2002 l.
834 1953 866 2001 ll.
884 1961 910 2000 et
925 1950 1064 2065 complures
1078 1950 1136 1999 edd.
1155 1960 1229 2006 vett.;
1248 1952 1290 1999 Or.
1299 1968 1320 1999 c.

90 2016 93 2051 ἶ
147 2016 367 2069 atiiededtutuent.
402 2016 481 2070 t'rr.
500 2036 521 2068 c.
534 2019 631 2085 plurim.
648 2017 740 2075 codd..
757 2018 833 2068 etiam
849 2019 878 2068 ll.
894 2018 920 2067 P.
938 2019 977 2067 Gu
997 2017 1038 2067 .l.
1058 2019 1105 2076 ll.,
1123 2021 1259 2078 ultinperel;
1275 2016 1320 2065 sed

90 2088 92 2153 ζ
148 2095 219 2136 reete
237 2086 315 2135 Mon:
344 2085 451 2135 Facilius
476 2086 562 2135 credua
588 2085 790 2137 accommodasse
814 2096 969 2135 correctores
992 2083 1140 2133 inlinitivum
1163 2082 1321 2132 antecedenti

90 2200 94 2209 ‚
149 2152 320 2212 coniunctiro,
337 2170 411 2219 quam
426 2152 612 2203 coniunctivum
624 2164 732 2203 mutasse
748 2152 774 2202 iu
787 2152 943 2203 infinitivum.
963 2152 1040 2201 Goth.
1057 2160 1082 2200 et
1091 2150 1195 2201 Lambb.
1210 2150 1235 2199 in
1252 2166 1321 2199 tuar-

90 2284 94 2309 »
147 2219 238 2334 ,app
255 2218 1124 2348 lttitlt‘ltttt'ttl‘itiitttltdltillttti‘t
1142 2216 1322 2335 'duilli'

90 2400 93 2421 ι
148 2304 190 2402 dd.
208 2302 438 2405 dedicamur.
455 2304 534 2419 pseu.
569 2305 1139 2416 xu’.1v.nan.;u.03nt0paaru.‘''
1235 2323 1244 2351 ’
1314 2321 1329 2350 ”

148 2456 204 2513 κῶς
224 2447 331 2519 ἤκουεν,
357 2454 422 2505 mala
437 2454 555 2504 utebatur
577 2454 659 2504 fama:
685 2453 724 2504 cui
748 2452 866 2521 italoqui
882 2470 954 2503 ausus
969 2462 1019 2502 eet:
1041 2454 1116 2502 Tusc.
1132 2455 1163 2509 V.
1184 2451 1238 2504 1t6.
1263 2456 1321 2502 Klo-

150 2521 303 2571 oontrarium
319 2532 356 2571 eet
371 2522 458 2581 καλῶς
470 2516 579 2583 ductito,
597 2521 663 2571 bene
676 2539 722 2570 au·
747 2526 808 2571 ttius
832 2519 961 2570 revocavit
992 2518 1095 2569 foedum
1124 2518 1321 2569 additamentum

149 2587 212 2638 dire.
246 2589 332 2675 Eurip.
357 2588 411 2638 Alc.
433 2586 491 2641 74¹2.
519 2588 559 2637 ed.
584 2590 723 2639 wionem:
748 2592 858 2651 Epicurei
863 2604 873 2650 ,·
888 2587 957 2655 quasi
968 2586 1047 2636 Stoici
1058 2595 1084 2634 et
1094 2585 1252 2651 Peripatetici
1264 2602 1321 2635 ma-

149 2658 239 2714 κακῶς
252 2650 352 2708 ἄκονειν
366 2651 396 2708 cti
410 2654 481 2722 pita
496 2654 597 2708 tant-ra
609 2674 658 2722 μοι.
675 2656 724 2706 Fa·
749 2656 786 2721 gia
804 2655 894 2705 Latine
911 2654 1037 2713 sciverint,
1055 2670 1128 2719 quam
1147 2652 1262 2720 Epicurei
1278 2661 1322 2702 aut

91 2748 97 2787 3
150 2732 208 2770 cete
224 2733 307 2771 autem
323 2722 413 2773 Cicero
428 2722 495 2773 hanc
508 2722 660 2772 locutionem
696 2741 724 2775 er
749 2723 928 2789 Epicureorum
944 2732 1102 2787 contemptus
1118 2721 1208 2772 artium
1217 2719 1250 2769 ad
1265 2737 1320 2769 ser-

91 2858 96 2865 ·
149 2741 723 2923 ffiliiildiibli‘.i‡.2⁰i¹'1l⁰³ai⁰ldi¹⁸
735 2787 1322 2922 'liduit‘tt”lt“;¹'l⁵tt.ttd⁰l²d.tl

150 2923 194 2974 dio
211 2938 295 2975 caeco:
312 2926 406 2974 uidebat
423 2923 449 2973 iu
465 2923 565 2974 litteris.
749 2924 895 2991 disciplinae
913 2924 1028 2989 exemplo
1047 2924 1141 2972 uta-udi.

202 2997 228 3041 ut
243 2994 301 3041 milti
317 2991 452 3056 radebatur]
477 2990 536 3040 scil.
554 3002 622 3051 tum,
648 3007 724 3058 quum
801 2995 1056 3051 Graece-nesciunt,
1071 3004 1113 3039 nac
1128 2992 1212 3039 Grueoi
1226 2987 1322 3054 mune]

153 3058 253 3109 Crucem
268 3059 351 3109 adlnuc
367 3058 478 3108 vivebat.
513 3058 579 3109 Hinc
601 3059 725 3124 imperie-
750 3059 826 3109 Plane
844 3068 870 3107 ut
890 3056 1029 3107 Academic.
1048 3057 1078 3105 ll.
1096 3054 1138 3113 47,
1160 3053 1220 3105 tto:
1239 3056 1278 3103 lta
1294 3063 1322 3102 tu

149 3135 217 3175 ctum
234 3126 342 3192 positum
360 3136 406 3175 eat.
751 3144 824 3185 nrrnc,
841 3124 936 3184 Catule,
954 3124 1036 3173 lucere
1047 3125 1135 3184 ueaola;
1149 3136 1191 3170 nec
1202 3132 1235 3179 tu,
1251 3121 1321 3171 Hor-

200 3196 288 3257 ll'oelri]
313 3192 447 3242 Antehac
464 3191 612 3242 vocabulum
637 3208 724 3243 omncs
750 3192 829 3252 tensi,
857 3190 882 3240 in
900 3201 942 3240 tua
960 3190 1018 3239 villa
1036 3206 1081 3238 ntus
1099 3204 1167 3237 ease:
1187 3204 1233 3253 pro
1252 3197 1276 3236 et
1292 3197 1321 3235 tu

148 3259 226 3319 codd.
235 3259 327 3310 insulta
335 3259 469 3325 occuparit
480 3258 658 3325 interpolatioa
675 3259 724 3309 ha·
749 3278 784 3310 ac.
801 3258 894 3308 nescia:
913 3258 944 3307 de
961 3273 1010 3324 quo
1026 3257 1082 3306 looo
1101 3258 1220 3318 Woplteaa.
1238 3256 1321 3304 Lectt.

148 3327 210 3378 bene
234 3326 314 3375 entim:
344 3330 503 3389 Epicurei
526 3331 600 3377 austri
617 3331 657 3376 Gr.
676 3337 723 3377 etr.
749 3326 816 3378 Tull.
836 3328 860 3383 l,
878 3326 902 3377 δ.
929 3324 1010 3391 put.
1028 3324 1077 3373 sic:
1104 3324 1148 3371 Est
1165 3323 1215 3372 hoc
1265 3323 1323 3386 ῆμα

149 3397 209 3444 lure
235 3392 310 3457 igitur
327 3394 370 3442 W.
387 3402 489 3443 audura
511 3393 613 3443 Dariaio
630 3392 725 3443 deleuit
749 3393 813 3459 πρὸς
835 3390 865 3445 τὸ
885 3389 1082 3458 σημαινόμενον,
1109 3406 1159 3457 quo
1184 3406 1249 3438 mem
1269 3404 1322 3437 rum

149 3458 300 3511 vocabulum
317 3461 441 3520 Epiacum
459 3463 502 3509 Or.
517 3462 607 3510 alirn.
623 3460 725 3510 retinuit
750 3460 872 3528 posteriue
890 3459 969 3526 priori
993 3458 1104 3508 membro
1125 3456 1157 3507 ad
1174 3455 1322 3505 sententiam

149 3526 251 3594 quidem
266 3524 337 3581 illud,
352 3524 477 3575 seduneis
490 3526 597 3577 inclusit.
621 3530 724 3594 lurptae
749 3528 849 3596 potius,
868 3544 941 3606 quam
959 3525 992 3576 ad
1010 3526 1084 3575 verba
1103 3523 1232 3591 congruit,
1251 3539 1322 3573 com-

147 3591 353 3660 iuterpolationie
367 3590 411 3640 diu
422 3591 536 3643 desertae
551 3610 581 3642 ae
589 3594 725 3644 derelictae
750 3613 839 3663 parans
856 3595 910 3644 Fau.
931 3597 948 3653 l,
965 3594 989 3646 9.
1012 3595 1043 3651 tt,
1060 3594 1084 3643 a.
1107 3594 1150 3649 tv.
1166 3592 1191 3644 9.
1212 3591 1242 3640 N.
1253 3593 1285 3640 D.
1303 3593 1321 3649 l,

148 3660 316 3728 patrocinium
349 3669 435 3708 nostra
466 3660 586 3731 memopia
615 3662 725 3726 suscepit
749 3666 791 3714 ¹25.
810 3662 842 3712 de
852 3664 929 3728 Legg.
948 3662 978 3719 ll,
987 3660 1011 3712 6.
1031 3660 1099 3710 Cort.
1116 3660 1149 3709 ad
1159 3659 1259 3711 Sallust.
1270 3661 1321 3721 lug.

148 3732 257 3779 Klotzius
274 3732 310 3791 let
327 3726 352 3776 iu
367 3725 408 3776 ed.
420 3735 446 3775 et
460 3725 560 3778 inadd.
575 3723 723 3795 P·‘²⁰⁶⁸¹l·l2
751 3727 790 3782 14.
808 3731 833 3782 7.
853 3729 925 3779 adde
934 3734 1043 3778 drame.
1053 3728 1084 3779 ad
1093 3728 1169 3778 dead.
1184 3728 1201 3778 l.
1210 3724 1235 3778 d.
1254 3728 1322 3775 ilud-

149 3795 235 3862 quiin
253 3813 282 3845 eu
300 3793 393 3843 tuenda
417 3803 493 3859 atque
510 3792 647 3844 enarranda
667 3812 723 3845 tun·
748 3800 840 3860 ulpium
856 3797 887 3846 ad
904 3797 957 3847 Fin.
978 3799 1006 3846 ll.
1016 3800 1042 3853 il.
1051 3798 1091 3847 25.
1108 3811 1133 3861 p.
1147 3793 1201 3847 tb9.
1219 3795 1322 3841 autito.

148 3879 225 3928 guam
242 3878 344 3926 operam
361 3861 515 3926 consumpsit
531 3870 556 3912 et
573 3861 605 3911 de
619 3873 724 3913 aeuteu-
750 3865 779 3914 L.
799 3865 844 3913 Gr.
863 3865 952 3931 §.162
972 3865 994 3914 l.
1012 3864 1036 3912 b.

147 3930 203 3978 tiae
219 3944 277 3976 suae
296 3928 400 3977 ueritate
417 3928 452 3977 ita
469 3928 517 3978 sibi
531 3930 668 3996 pereuaait,
688 3941 725 3990 ut,
800 3945 922 3992 omnesque
939 3930 976 3996 id]
1004 3927 1084 3978 codd.
1105 3926 1164 3975 Ball.
1183 3925 1241 3975 liuk.
1261 3942 1321 3973 unua

149 3996 171 4045 ai
190 3993 245 4061 quia
262 3994 323 4044 illud
341 3994 489 4045 vocabulum
514 3995 656 4063 intelligere
673 4012 724 4047 nou
750 3996 822 4047 Leid.
840 3994 880 4044 ed.
897 4007 947 4044 vet.
961 3994 1036 4045 aaut.
1053 3994 1172 4043 omittunt
1186 3994 1222 4053 id,
1238 3991 1263 4041 b.
1280 3990 1322 4040 in-

169 4061 241 4120 ussit,
259 4078 314 4111 eum
330 4079 416 4111 omues
424 4064 470 4113 hos
478 4064 674 4114 Tusculanarum
691 4063 725 4113 li—
749 4073 909 4128 terpuuctum
926 4062 1017 4119 habeta
1036 4063 1077 4110 W.
1094 4071 1119 4108 et
1135 4063 1176 4108 Or.
1195 4058 1264 4109 uncis
1280 4059 1322 4108 iu-

149 4080 209 4179 droa
225 4146 276 4179 nou
293 4139 362 4179 recte
377 4131 518 4198 percepisse
536 4132 631 4182 credat.
657 4133 725 4180 luter
751 4131 891 4187 cluseruut;
920 4129 1034 4194 Tregder
1058 4130 1084 4175 id
1114 4125 1187 4193 piane
1213 4125 1320 4186 delerit,

148 4195 198 4246 alia
213 4195 275 4246 liaeo
288 4196 379 4247 iactat:
398 4201 450 4257 ..Es
465 4199 498 4246 iat
513 4198 581 4249 dieue
597 4198 679 4247 Satire
695 4214 724 4247 ao
750 4199 817 4247 Mun.
836 4197 901 4247 coui.
915 4201 986 4246 iteam·
1010 4192 1172 4261 quodetiam
1193 4197 1323 4244 Wesenber-

149 4262 267 4313 beieceud
292 4281 316 4314 u.
339 4264 451 4330 zugleich
476 4281 506 4314 so
530 4263 724 4322 iiberruechend,
749 4269 788 4328 pio
805 4266 858 4314 Em.
879 4265 920 4312 lll.
947 4280 971 4329 p.
989 4262 1030 4313 32.
1050 4261 1149 4327 placet,
1175 4261 1217 4328 qui
1240 4278 1322 4326 comp.

149 4329 209 4379 dass
225 4331 269 4380 wir
293 4347 337 4379 uns
360 4348 400 4380 am
420 4330 491 4379 Eudo
516 4332 586 4381 nicht
611 4332 669 4382 sehr
694 4348 724 4380 zu
750 4331 819 4381 Lael.
836 4332 896 4400 §.72
916 4348 946 4379 en
965 4329 1014 4379 hoc
1035 4333 1090 4379 ilem
1107 4330 1234 4381 Scaevola.
1254 4328 1320 4377 Fam.

147 4397 269 4447 wundern
287 4398 427 4451 braucluen.
451 4396 508 4445 deae
525 4414 583 4447 man
600 4399 637 4449 sie
654 4399 724 4449 nicht
749 4400 793 4449 vt.
807 4399 833 4457 3,
851 4398 872 4449 l.
904 4400 1024 4461 Woplteart.
1044 4397 1128 4447 Lectt.
1145 4397 1211 4447 Tull.
1228 4414 1252 4463 p.
1264 4394 1320 4446 159.

148 4463 196 4515 hat
213 4465 345 4514 verstelren
362 4465 490 4513 taanenu
526 4464 570 4513 Cui
587 4465 724 4517 hebetioris
749 4481 888 4533 pronomen
903 4468 929 4516 ld
937 4464 1077 4532 exprimere
1091 4462 1241 4514 adiectieum
1255 4464 1323 4512 turdi

148 4531 523 4662 {ffimmimigmmmss
532 4548 627 4648 1²puplep
642 4533 723 4652 gtipm
749 4533 894 4649 existimatu,¹
913 4543 941 4583 ut
956 4549 1032 4649 eutpra
1050 4530 1130 4646 edgid:
1149 4531 1321 4647 ιάἰιίἑιῦῑιιιίῐ

303 4615 396 4649 acccstr
435 4615 504 4664 quta
552 4615 586 4647 tu.
622 4633 629 4648 ·
660 4602 722 4661 ,·5.
749 4616 864 4649 mtaenoo
895 4616 921 4649 ec
945 4616 977 4649 au
1013 4613 1064 4648 ruri
1116 4615 1148 4648 eu
1254 4610 1285 4655 αν
1314 4629 1320 4642 ·
