2888 5512
224 304 267 372 ‘26
680 320 941 374 rnoaseonrns.

224 457 309 522 snnt3
332 445 425 504 serius
446 446 577 519 demum,
600 453 732 522 tempore
749 443 818 516 illo,
841 463 932 520 quum
954 441 1177 500 Atheniensium
1200 442 1303 520 legati,
1325 444 1401 500 Car·

227 546 347 619 treades,
370 548 536 620 Critolaus,
559 544 719 624 Diogenes,
748 555 808 603 tres
824 540 1000 623 philosophi
1014 544 1184 617 clarissimi,
1208 546 1329 602 Romam
1346 564 1421 603 re·-

227 659 337 706 nerunt
349 646 425 727 (156
437 670 463 708 a.
476 645 570 727 can),
592 645 842 725 praeclarissimae
856 644 937 703 illius
953 644 1128 724 disciplinae
1143 645 1275 704 studium
1295 645 1401 703 laetius

225 750 410 808 efflorescere
425 750 534 828 coepit.
578 748 718 827 Epicurei
735 755 805 825 post
819 748 850 804 C.
867 744 1046 804 Amafinium
1066 746 1156 824 primi
1177 747 1320 819 luerunt,
1347 747 1401 823 qui

118 884 121 889 ·
225 850 450 929 philosophiam
460 870 544 909 suam
555 849 663 908 litteris
674 849 788 907 Latinis
803 847 1027 926 consignarunt.
1049 852 1118 907 eb·
1161 849 1400 907 Paucasubiun-

224 962 340 1029 guntur
360 953 398 1011 de
418 951 590 1011 doaderuiea
612 948 848 1029 philosophandi
870 948 996 1007 ratione.
1018 970 1044 1008 c.
1059 952 1088 1007 t.
1105 950 1204 1028 princ.

311 1054 345 1114 ll.
389 1055 582 1112 Psorosrruss
602 1047 723 1132 (θέσις).
768 1052 838 1109 Non
860 1054 944 1108 onuai
971 1055 1072 1110 aninti
1094 1051 1326 1130 perturbatione
1346 1073 1400 1108 so·

195 1164 198 1169 ’
221 1158 311 1231 piens
331 1156 453 1213 videtur
475 1175 595 1213 vacare.

310 1256 389 1314 lluic
404 1255 566 1314 sententiae
581 1254 696 1313 Tullius
711 1253 752 1310 ita
769 1252 946 1332 respondet,
969 1263 1019 1328 ut,
1041 1253 1180 1312 besterna
1195 1253 1402 1332 disputatione

226 1355 258 1414 in
273 1367 374 1435 partes
390 1366 513 1427 vocata,
536 1354 733 1434 aegritudine
750 1353 868 1431 quidem
881 1354 1042 1432 sapientem
1056 1374 1163 1414 vacare
1178 1353 1271 1428 diest,
1294 1374 1329 1411 ea
1341 1374 1398 1411 au·

225 1468 283 1517 tem
297 1460 429 1532 sublata,
457 1456 540 1534 sequi
554 1456 657 1528 etiam,
686 1475 722 1514 ne
738 1456 848 1514 metum
865 1456 986 1533 quidem
1002 1456 1108 1514 cadere
1126 1455 1259 1535 possein
1274 1454 1397 1533 sapien-

224 1571 297 1637 tem;
318 1581 386 1618 nam
404 1568 512 1617 metum
529 1576 590 1615 esse
608 1577 709 1614 carum
727 1577 829 1615 rerum
848 1558 1027 1631 absentium,
1055 1576 1182 1634 quarum
1201 1558 1401 1635 praesentimn

163 1654 169 1663 ’
224 1663 265 1721 sit
281 1659 454 1740 aegritud03
482 1659 633 1736 reliquum
652 1655 748 1736 igitur
762 1676 837 1731 esse,
866 1667 901 1716 ut
915 1657 1154 1735 demonstretur,
1182 1677 1220 1716 na
1239 1658 1316 1717 duas
1329 1657 1398 1735 qui-

224 1762 290 1821 dem
303 1781 379 1840 quae
395 1770 506 1821 restent
518 1758 774 1840 perturbationes,
796 1759 939 1818 laetitiam
953 1761 1125 1840 gestientem
1139 1771 1167 1819 et
1182 1759 1347 1832 libidinem,
1367 1759 1401 1817 in

222 1864 384 1944 sapientem
402 1863 518 1922 cadere.
539 1882 565 1920 c.
579 1865 609 1921 b.

307 1965 361 2024 His
383 1974 482 2023 autem
502 1963 632 2038 relictis,
661 1971 757 2021 totum
775 1962 815 2021 de
832 1963 1111 2041 perturbationibus
1134 1964 1232 2022 locum
1258 1961 1399 2041 disputa-

224 2069 307 2127 tione
320 2088 373 2127 sua
391 2066 546 2145 complecti
565 2065 751 2145 ingreditur,
774 2074 865 2142 atque
880 2065 922 2122 ita
940 2067 1075 2142 quidem,
1104 2075 1139 2125 ut
1155 2063 1332 2123 Stoicorum
1346 2084 1399 2123 ra·

225 2172 349 2244 tionem,
371 2169 424 2246 qui
437 2187 529 2245 quum
542 2168 579 2226 de
592 2168 682 2225 animi
695 2166 975 2246 perturbationibus
987 2168 1155 2245 disputent,
1176 2187 1312 2246 magnam
1324 2186 1397 2247 par·

223 2281 281 2329 tem
306 2271 337 2329 in
359 2271 400 2329 eis
419 2269 586 2349 partiendis
605 2279 635 2326 et
651 2269 827 2330 deliniendis
849 2268 988 2347 occupati
1003 2269 1078 2342 sint,
1104 2269 1280 2328 medicinam
1299 2277 1397 2328 sutem

222 2372 486 2452 perturbationum
508 2369 617 2428 leviter
637 2379 754 2428 tantum
776 2371 939 2450 attingant,
967 2390 1034 2430 cum
1055 2370 1326 2448 Peripateticorum
1346 2390 1397 2430 ra-

223 2473 322 2547 tione,
344 2473 411 2549 qni,
432 2469 584 2549 partiendi
600 2480 629 2528 et
641 2470 803 2530 deliniendi
818 2472 912 2551 spinis
926 2473 1154 2551 praetermissis,
1175 2473 1213 2531 sd
1235 2473 1398 2552 placandos

220 2573 429 2650 sanandosque
443 2573 557 2629 animos
570 2572 663 2630 multa
678 2562 818 2646 afferant,
839 2573 1080 2652 coniungendam
1095 2575 1218 2634 iudicet.
1246 2577 1322 2634 Tota
1338 2575 1398 2654 igi-.

219 2686 275 2735 tur
296 2674 388 2734 buius
409 2672 481 2732 libri
502 2673 666 2752 disputatio
688 2673 840 2751 tripertita
856 2684 910 2732 est.
1339 2669 1344 2674 ’

308 2776 340 2835 Δ.
386 2778 498 2832 Prima
515 2796 595 2852 pars
619 2775 697 2834 sistit
717 2775 881 2835 divisiones
902 2785 932 2834 et
954 2777 1144 2837 definitiones
1166 2778 1299 2836 omnium
1324 2798 1394 2857 per-

221 2877 429 2940 turbationum
451 2875 556 2935 enituit
585 2876 616 2935 in
646 2875 755 2955 quibus
782 2896 881 2954 presse
904 2879 1043 2954 sequitur
1063 2880 1234 2939 Stoicorum
1261 2880 1395 2960 vestigia.

218 3004 245 3040 c.
264 2985 334 3041 6-
345 2984 396 3041 tt.

307 3084 341 3141 B.
384 3080 497 3140 Altera
507 3102 586 3159 pars
601 3079 703 3154 docet,
725 3080 969 3157 perturbationes
985 3081 1017 3139 in
1032 3082 1194 3159 sapientem
1211 3082 1394 3142 caderenon

221 3200 315 3260 posse.
359 3182 392 3240 ln
416 3203 477 3261 quo
491 3183 560 3241 loco
583 3182 699 3241 Tullius
723 3181 841 3261 lougius
862 3184 1050 3261 exspatiatur
1072 3182 1107 3240 in
1131 3182 1292 3243 refellenda
1309 3184 1392 3242 Peri-

220 3282 420 3361 pateticorum
442 3281 479 3342 de
498 3284 762 3360 perturbationum
785 3294 816 3343 et
842 3284 1014 3344 necessitate
1032 3294 1064 3343 et
1084 3284 1215 3367 utilitate
1238 3285 1392 3348 sententia.

217 3402 244 3440 c.
263 3387 410 3443 ts-te.

276 3474 335 3541 Ὀ.
389 3486 490 3543 Tertia
504 3506 581 3562 pars
598 3488 745 3565 proponit
767 3488 912 3561 remedia,
942 3506 1020 3564 quae
1039 3489 1321 3565 perturbationibus
1336 3489 1390 3548 a'd·
1428 3548 1436 3567 ,

218 3583 348 3643 bibenda
369 3587 439 3643 sint.
462 3606 488 3644 c.
502 3591 542 3646 et
550 3617 594 3629 —
604 3591 654 3644 bb.

649 3810 683 3881 ι’.
726 3824 970 3884 ruinartus.

783 3964 825 4002 DE

401 4057 631 4110 nisteronem
650 4058 868 4109 oennnronr.
886 4059 1207 4113 ranrunssrronnn.
1271 4046 1273 4050 ’

305 4215 332 4253 e.
376 4199 529 4274 Definitio
538 4199 784 4274 perturbationis
799 4203 923 4278 eiusque
934 4206 1078 4278 partium
1092 4202 1267 4281 descriptio.
1313 4208 1396 4264 Prr·.

218 4295 355 4353 turbatio
374 4288 510 4373 (πάθος,
535 4295 786 4377 Leidenscbaft),
817 4320 894 4379 quae
913 4301 1015 4359 oritur
1031 4302 1177 4362 eiudicio
1196 4314 1226 4362 et
1249 4307 1396 4384 opinione

218 4392 336 4494 (falsa),
353 4416 430 4474 quae
444 4409 489 4457 est
503 4398 647 4459 imbecilla
665 4402 793 4460 assensio
807 4398 850 4479 (v.
864 4399 896 4480 ς.
915 4401 977 4483 15.)
983 4447 992 4477 ,
1014 4414 1059 4463 est
1076 4426 1187 4465 aversa
1202 4429 1224 4466 o
1234 4421 1322 4470 reeta
1335 4431 1391 4471 ra·

218 4502 315 4570 tione,
339 4510 446 4558 contra
460 4512 627 4570 naturam,
658 4506 760 4561 animi
778 4507 940 4562 eomrnotio
956 4495 992 4583 (ἦ
1010 4497 1118 4585 ἄλογος
1134 4503 1186 4566 nul
1199 4503 1284 4591 nepai
1299 4503 1395 4587 privar
1433 4500 1436 4507 ¹

216 4601 319 4680 ψυχῆς
332 4599 457 4680 κίνησις,
479 4603 564 4684 Diop.
578 4603 674 4664 Laert.
688 4604 749 4683 Vll,
774 4602 869 4686 ltu).
910 4605 1010 4669 Huius
1021 4611 1174 4669 contrarie
1188 4621 1233 4671 est
1244 4627 1393 4676 constan-
1423 4626 1428 4637 '
