2888 5512
251 728 315 794 ctu
658 738 780 791 crass
793 738 825 791 v.
840 726 889 797 to,
906 734 948 788 aa.
967 733 1008 789 us.

251 862 281 926 iu
296 859 460 925 visceribus
471 859 662 943 medullisque
675 857 841 922 condideris
853 866 884 920 et
895 855 1061 934 delinieris,
1085 873 1230 918 summum
1243 851 1352 915 bouum
1365 853 1405 916 ir·
1421 856 1425 863 '

251 992 298 1036 ms
318 971 449 1055 eorporis
466 971 622 1034 allectione
639 970 872 1054 explorataque⁸
895 987 947 1052 spe
969 964 1132 1045 contineri,
1161 964 1300 1027 lortuuae
1324 963 1403 1027 aditus

250 1080 461 1146 interclusistil
505 1078 700 1162 Quomodo?
728 1076 790 1143 lsto
810 1079 886 1142 euim
909 1077 987 1140 bono
1009 1077 1066 1139 iam
1089 1074 1251 1160 exspoliari
1274 1078 1384 1157 potest.

333 1189 377 1256 X.
402 1200 454 1255 28.
478 1190 591 1275 Atqui¹
610 1192 655 1254 lris
668 1191 821 1276 capiuntur
834 1187 972 1273 imperiti,
993 1199 1023 1250 et
1037 1196 1157 1272 propter
1170 1185 1337 1248 huiusmodi
1348 1205 1402 1249 seu·

251 1302 357 1367 teutias
378 1303 500 1366 istorum
517 1301 665 1364 hominum
684 1312 730 1364 est
752 1299 918 1363 multitudo.
965 1298 1060 1361 Aoute
1078 1307 1175 1360 autem
1195 1293 1403 1381 disputantisil·

251 1413 299 1477 lud
321 1422 367 1477 est
384 1435 462 1489 nou,
492 1413 558 1496 quid
580 1412 704 1496 quisquc
720 1411 815 1489 dieat,
846 1411 898 1473 sed
916 1409 981 1494 quid
1002 1408 1106 1492 cuique
1124 1406 1280 1469 diceudum
1297 1407 1347 1486 sit,
1366 1404 1401 1468 ri·

252 1524 333 1586 dere.
379 1520 471 1587 Velut
487 1523 516 1585 iu
532 1543 566 1585 ca
583 1523 645 1607 ipsa
660 1522 825 1601 sententia,
853 1542 938 1605 quam
956 1519 985 1582 iu
1004 1519 1058 1581 hac
1076 1517 1275 1602 disputatione
1290 1516 1401 1601 suscepi·

251 1654 329 1712 mus,
353 1654 455 1697 omues
469 1633 563 1696 bouos
576 1654 692 1717 semper
706 1632 808 1695 beatos
822 1631 956 1696 volumus
968 1649 1046 1694 esse.
1083 1627 1190 1712 Quid²
1207 1628 1300 1691 dicam
1312 1628 1406 1704 bouus,-

252 1744 435 1830 perspieuum
456 1755 518 1824 est,
542 1744 676 1807 omnibus
698 1742 775 1807 enim
794 1741 951 1807 virtutibus
966 1741 1127 1805 instructos
1146 1748 1178 1802 et
1197 1749 1313 1803 oroatos
1327 1740 1399 1801 tum⁸

252 1855 420 1941 sapientes,
451 1865 511 1918 tum
537 1854 618 1918 viros
644 1854 738 1917 honos
762 1852 897 1917 dicimus.
942 1849 1122 1929 Videamus,
1153 1849 1205 1933 qui
1222 1848 1332 1913 dicendi
1350 1846 1400 1911 siut

253 1965 343 2029 beati.
387 1963 532 2050 Equidem
552 1969 629 2031 eos⁴
653 1965 807 2043 existimo,
840 1963 889 2049 qui
908 1962 968 2025 sint
989 1963 1018 2025 io
1042 1961 1145 2039 bouis,
1178 1960 1258 2024 nullo
1282 1959 1399 2023 adiuncto

253 2077 343 2140 malo.
388 2084 440 2139 29.
464 2074 571 2159 Neque
585 2075 645 2139 ulla
662 2075 718 2138 aliu
737 2073 804 2137 huie
817 2073 930 2151 verim,
955 2094 1041 2156 quum
1056 2072 1175 2136 beatum
1189 2070 1321 2149 dicimus,
1340 2068 1396 2132 sul·

252 2185 330 2249 iects
344 2186 424 2248 uotio
438 2195 495 2264 est,
518 2185 587 2265 nisi,
610 2185 733 2249 seeretis
748 2184 833 2248 malis
850 2183 996 2263 omuibuS,
1021 2166 1168 2246 cumulata
1186 2182 1397 2245 bonorumcom·

252 2296 364 2381 plexio.
408 2294 494 2359 Hauc
511 2296 629 2380 assequi
650 2295 763 2374 virtus,
794 2295 819 2359 si
838 2293 990 2379 quicquam
1013 2304 1131 2378 praeter
1151 2293 1245 2377 ipsam
1266 2290 1328 2355 boui
1345 2299 1393 2366 est,

253 2428 312 2471 ooo
338 2418 446 2492 potest.
493 2407 598 2471 Aderit
617 2408 692 2470 euim
714 2406 873 2484 malorum,
906 2405 930 2467 si
949 2404 1027 2468 mala
1047 2403 1096 2466 illa
1123 2403 1296 2480 ducimus‘,
1325 2398 1395 2463 turba

254 2518 413 2603 quaedam,
436 2529 611 2602 paupertas,
634 2517 820 2600 ignobilitas,
853 2515 1016 2592 humilitas,
1039 2515 1190 2593 solitudo,
1214 2512 1322 2577 amissio
1338 2531 1397 2573 suo·

253 2648 335 2704 rum,
359 2648 466 2709 graves
486 2627 603 2689 dolores
623 2628 772 2711 eorporis,
796 2626 909 2710 perdita
923 2626 1078 2705 valetudo,
1102 2624 1255 2703 debilitas,
1278 2622 1397 2698 caecitas,

252 2735 388 2799 interitus
415 2736 544 2820 patriae,
576 2737 730 2816 exsilium,
759 2737 888 2802 servitus
910 2736 1046 2820 denique.
1094 2733 1127 2799 lo
1153 2735 1199 2799 his
1221 2746 1266 2798 tot
1282 2747 1311 2798 et
1328 2733 1399 2797 tactis

320 2911 338 2966 8
355 2931 378 2965 v.
395 2913 458 2965 Ado.
492 2909 509 2965 9
525 2914 554 2964 ll.
571 2916 597 2966 P.
614 2914 680 2966 Gud.
690 2914 711 2965 1.
730 2914 798 2966 Med.
817 2914 879 2965 Ball.
896 2931 957 2964 unus
972 2917 1017 2964 01.
1038 2917 1170 2977 exspolitus
1183 2919 1273 2977 potest:
1293 2910 1353 2981 quod
1365 2927 1398 2960 ro·

254 2982 322 3051 oepit
354 2982 436 3033 uidem
443 2982 497 3048 Kt,
514 2982 559 3032 sed
574 3000 639 3034 nunc
654 2983 680 3033 io
693 2983 758 3035 Add.
773 2982 862 3044 reiicit,
879 3001 910 3032 ac
923 2983 975 3032 iure
990 2982 1103 3050 quidem,
1121 3000 1179 3032 uam
1193 2982 1218 3032 iu
1234 2982 1281 3031 hue
1293 2999 1335 3031 ser.
1349 2993 1398 3046 pro-

253 3001 392 3101 mominiisus
410 3057 473 3128 lecu
488 3050 528 3099 vix
546 3068 629 3100 carere
645 3069 780 3117 possumus.
815 3052 850 3102 X.
886 3050 983 3100 1Gud.
1002 3053 1032 3100 ll.
1050 3061 1090 3110 et,
1115 3060 1142 3099 ut
1157 3049 1269 3108 videtur,
1288 3050 1397 3099 onom

253 3125 336 3182 utque,·
354 3118 474 3183 porticula
488 3118 643 3167 adversativa
659 3119 753 3184 optime
766 3135 793 3167 se
808 3118 891 3168 habet.
925 3116 1057 3168 teudo.
1092 3116 1230 3168 3Mom2.
1246 3115 1400 3167 uetustos

253 3186 281 3236 Ρ.
290 3185 371 3235 Gebh.
381 3184 455 3262 Verb,
466 3184 512 3233 Alt.
524 3187 552 3233 l).
570 3202 624 3235 eum
635 3188 725 3251 (quum)
737 3203 745 3236 .·
762 3186 830 3253 quod
845 3202 975 3253 perperam
989 3185 1116 3236 revomuit
1133 3185 1178 3235 Kl.
1203 3187 1234 3235 V.
1243 3185 1275 3235 ed
1288 3203 1309 3235 e.
1317 3183 1354 3243 25,
1366 3178 1398 3231 il.

252 3252 328 3372 {kile
344 3270 365 3302 c.
382 3262 468 3302 cetens
485 3255 542 3314 hos;
559 3262 586 3302 at
601 3270 624 3302 v.
639 3253 671 3301 ud
686 3252 718 3314 8,
736 3252 778 3304 23.
794 3263 856 3305 extr.
897 3255 914 3304 ὁ
931 3257 980 3304 Sex
997 3256 1058 3303 Oxx.
1075 3253 1150 3305 vind.
1167 3253 1190 3305 1.
1208 3252 1293 3303 Duisb.
1306 3248 1399 3302 licui.

299 3336 359 3372 mus.

303 3426 468 3487 eupoluuthue
489 3422 541 3489 spe]
571 3425 711 3486 ll'eseoterp.
730 3423 783 3472 Em.
800 3424 819 3473 l.
899 3422 973 3492 129.
990 3422 1135 3491 potestesse]
1153 3424 1185 3474 V.
1201 3422 1267 3474 adl.
1283 3419 1328 3485 46,
1343 3419 1388 3471 110.

253 3510 278 3560 p.
290 3490 329 3545 tt.
346 3509 366 3543 c.
383 3495 466 3542 Lomb.
484 3490 615 3558 legendum
637 3501 721 3541 censet
743 3494 822 3552 explo-
896 3493 1027 3557 proestare]
1046 3492 1075 3540 V.
1094 3491 1127 3540 ud
1145 3493 1189 3541 lll.
1207 3490 1255 3554 16,
1270 3488 1311 3543 31.

252 3566 350 3621 ratoque
373 3564 443 3610 eius
466 3574 519 3623 spe,
546 3559 693 3626 comparatis
712 3559 760 3608 Ols.
776 3560 821 3608 lll.
898 3561 920 3628 1.
935 3562 976 3611 30.
1002 3564 1065 3621 Quos
1080 3562 1195 3609 sititutus
1211 3561 1249 3610 die
1263 3562 1354 3609 dulcem
1366 3583 1399 3615 -,

252 3626 295 3685 33,
311 3627 371 3679 lli:
390 3628 440 3677 vita
453 3628 532 3678 omnis
541 3628 614 3678 beata
627 3627 738 3693 corporis
754 3625 822 3676 firma
847 3626 1092 3694 inducantanimum]
1119 3628 1156 3676 De
1173 3637 1298 3677 structura
1311 3625 1371 3676 huius
1385 3622 1400 3670 l·

253 3692 431 3744 constitutione
461 3699 554 3758 eiusque
581 3699 748 3746 emutdutiouls
778 3711 823 3762 spe
847 3714 871 3745 v.
889 3694 922 3745 ad
940 3697 959 3745 1.
974 3696 1015 3754 31,
1030 3691 1072 3745 ut.
1092 3697 1182 3745 Titulus
1196 3698 1249 3757 dic,
1266 3695 1322 3745 lue
1336 3693 1400 3755 dipo'r

252 3759 382 3838 explorata
398 3770 435 3829 tut
451 3762 622 3813 alilotrodoro
637 3765 756 3830 scriptum
773 3762 821 3825 est)
847 3770 884 3814 tus
904 3766 973 3813 dutus
994 3766 1118 3814 secuntiae
1143 3768 1188 3829 (se
1206 3762 1305 3813 beatum
1319 3774 1400 3824 semper

253 3838 401 3890 continetur,
421 3831 507 3879 Graec.
525 3836 559 3897 (v.
577 3849 622 3881 uos
636 3831 669 3880 ad
685 3834 716 3881 ll.
730 3830 755 3891 li,
771 3828 820 3894 17.)
847 3850 901 3882 esse
912 3831 1067 3899 sapienteml,
1087 3840 1114 3878 ut
1130 3833 1152 3897 1.
1162 3833 1212 3890 31.,
1229 3842 1272 3880 aut
1282 3824 1400 3893 ploedudui.

251 3893 340 3947 καὶτὸ
358 3895 434 3962 περ1
454 3895 687 3962 ταύτηςπιστόν
704 3898 821 3964 ἔλπισμα,
846 3918 881 3957 s..
908 3910 935 3948 ut
954 3899 999 3958 11,
1017 3899 1072 3957 dl,
1098 3908 1141 3947 aut
1163 3898 1351 3962 meumes.
1375 3902 1399 3940 ut

251 3960 340 4038 multis.
355 3962 467 4039 ,denique
493 3975 598 4031 propter
622 3965 821 4015 terminatiouum
849 3968 888 4027 12,
905 3964 945 4018 31.
970 3967 1000 4016 V.
1017 3968 1160 4029 ll'eseuberu.
1177 3966 1240 4016 Adu.
1252 3968 1319 4016 Tuse.
1330 3979 1351 4027 p·
1363 3958 1397 4009 17·

251 4027 433 4105 velucituorum
449 4030 633 4081 similitudinem
646 4032 671 4082 iu
684 4034 821 4100 archetypo
846 4045 871 4084 et
881 4037 981 4085 l‘reuud.
990 4034 1050 4083 Lex.
1066 4032 1091 4085 h.
1100 4051 1125 4083 v.
1135 4062 1167 4072 -
1184 4037 1293 4086 toetveoet
1304 4033 1399 4079 euim

252 4110 398 4145 omissurum
421 4096 538 4160 exemplis
561 4098 651 4148 allatis.
687 4106 766 4149 Acuta
784 4112 821 4150 est
846 4102 870 4151 lr.
889 4121 910 4152 e.
939 4102 1087 4161 decernent,
1120 4100 1169 4151 sibi
1193 4107 1331 4169 proponant·
1370 4096 1408 4144 V.·

251 4161 350 4232 quidem
365 4160 407 4211 illu
422 4162 577 4221 coniectura,
599 4164 643 4213 sed
661 4166 821 4217 necamriam
846 4172 939 4221 Scuto.
953 4171 1012 4220 Lex.
1030 4169 1079 4219 cic.
1097 4186 1119 4217 v.
1132 4172 1250 4221 ‘iudum
1282 4164 1328 4217 stit
1342 4162 1400 4213 seri·

251 4249 298 4301 ego
314 4248 364 4282 non
382 4229 516 4280 iudicarim.
846 4245 945 4301 ptores.
972 4248 999 4287 ut
1015 4235 1160 4297 Sallustius,
1176 4236 1270 4295 Livius,
1290 4233 1361 4284 etism
1375 4235 1398 4281 iu

302 4300 362 4351 Cur.
376 4300 410 4350 X.
438 4302 459 4370 1.
477 4303 516 4349 ur.
552 4300 615 4360 Ouid
637 4302 717 4351 diuum
738 4299 819 4369 bouus]
845 4304 1179 4355 uuimumiudueeredieunt:
1211 4300 1401 4354 uodsemeltao-

251 4368 293 4419 ste
309 4368 362 4420 cot.
377 4366 557 4437 quinquel'all.
571 4367 641 4418 Fabr.
658 4368 748 4437 aliique
764 4369 820 4437 ple-
846 4381 898 4421 tum
922 4391 936 4421 a
956 4410 962 4422 .
983 4372 1032 4423 cte
1053 4389 1077 4439 p.
1097 4372 1169 4423 Sulla
1226 4370 1291 4431 ‚et
1313 4368 1398 4436 legitor.

250 4435 320 4513 rique
339 4437 412 4487 codd.
435 4447 475 4497 et,
502 4447 530 4486 ut
547 4435 626 4497 vdtr.,
648 4438 720 4499 Vat,
745 4454 819 4506 quum
848 4439 886 4488 cf.
910 4390 968 4491 Scit.
992 4441 1047 4491 Cat.
1071 4436 1122 4503 54,
1140 4442 1167 4491 4.
1193 4440 1277 4509 ibique
1300 4441 1398 4490 llriteivtt

250 4511 285 4551 sta
308 4502 374 4569 legat
392 4505 523 4555 Victorius.
559 4503 652 4554 Eodem
675 4504 768 4556 ducunt
789 4509 818 4556 li.
843 4524 869 4573 p.
887 4508 945 4558 310.
988 4507 1062 4571 Quod
1085 4519 1171 4558 autem
1195 4509 1325 4561 discrimen
1343 4505 1399 4553 ister
1438 4525 1439 4533 ¹

250 4569 279 4617 Ρ.
297 4569 362 4618 Gud.
376 4573 412 4631 l.‚
456 4573 480 4622 ui
500 4573 594 4624 habent
611 4575 674 4636 quod
691 4590 736 4639 pro
754 4576 818 4636 quid.
843 4584 971 4642 utrumque
986 4575 1137 4626 locutionem
1147 4579 1286 4641 lluduiptus
1299 4574 1364 4626 iuGr.
1373 4570 1398 4621 lc

249 4634 384 4703 Pleraeque
407 4590 465 4688 edd.
486 4649 548 4690 vett.
571 4653 597 4691 et
614 4642 682 4692 Mon.
701 4643 721 4690 1.
746 4641 818 4691 exhi·
843 4643 935 4710 131111.
951 4655 976 4692 et
992 4644 1017 4693 in
1036 4643 1099 4693 adst
1115 4659 1141 4709 p.
1155 4646 1193 4696 11.
1210 4645 1303 4712 posuit,
1318 4652 1340 4691 ut
1354 4642 1400 4689 utri·

250 4703 310 4752 beot
325 4718 383 4766 quos
399 4706 423 4753 d.
439 4708 476 4754 b..·
501 4707 569 4772 quod
587 4709 682 4775 recepit
698 4708 817 4773 Tregder.
842 4710 1161 4778 mumiudueosignilioaret
1174 4711 1415 4777 summula:

249 4774 283 4821 At
296 4788 343 4820 ser.
357 4773 414 4835 quid
429 4779 455 4819 et
471 4774 565 4823 maiore
581 4775 654 4825 codd.
669 4775 818 4826 auctoritate
841 4779 895 4827 rede
919 4781 995 4842 rutel,
1027 4784 1052 4830 iu
1075 4784 1182 4831 nmmum
1203 4784 1256 4832 iud.
1280 4783 1317 4832 ici
1336 4781 1402 4839 111111

249 4837 348 4900 nititur,
367 4848 392 4887 et
407 4837 534 4889 dillieilior
548 4851 601 4901 est,
621 4852 647 4891 et
663 4843 818 4894 commodam
842 4846 909 4894 udus
923 4847 992 4908 llere,
1009 4847 1035 4897 id
1052 4848 1126 4898 inane
1141 4857 1182 4897 est
1198 4866 1282 4917 neque
1298 4842 1402 4913 exempli·

249 4906 325 4959 habet
345 4905 510 4967 seutentiam,
536 4924 609 4979 uum
632 4913 732 4962 Orellius
754 4912 818 4961 bene
843 4909 1009 4964 confirmatur.

248 4975 288 5095 111
296 4974 417 5095 ἷξῑοίωυ
435 4975 495 5045 quid
507 4972 650 5045 intelligam,
668 4994 743 5046 quum
756 4980 818 5031 bea-
844 5046 881 5114 pit
892 4982 1173 5115 uvupuimplpuppesiepaepp
1184 5000 1241 5106 pec,
1257 5000 1329 5106 oppos
1345 4980 1402 5035 erui·

363 5082 370 5097 .
1046 5088 1052 5101 .
1111 5069 1149 5102 ,ι
1197 5089 1204 5102 .
1248 5091 1255 5115 ,
1292 5094 1298 5106 .
