2888 5512
139 644 162 710 8
595 651 855 737 raomconsus.

138 800 203 839 mos
225 769 451 856 &sumtuum
476 776 509 834 in
531 794 592 853 quo
614 795 712 833 sermo
732 774 776 833 its
798 773 970 848 inducitur,
995 783 1032 833 ut
1050 792 1139 852 penes
1158 792 1256 833 unum
1274 775 1317 833 sit

138 878 338 959 principatus.
379 878 575 954 Posteaquam
592 886 798 956 argumentum
813 875 977 953 quoddam,
998 875 1036 934 da
1051 894 1113 953 quo
1130 873 1317 954 disputetur,

141 978 332 1060 propositum
354 988 413 1053 est,
441 988 587 1058 perpetua
612 978 749 1037 oratione
764 969 866 1058 (λόγῳ)
885 976 1070 1055 explicatur,
1098 975 1210 1035 additis
1228 976 1317 1037 simul

140 1080 251 1141 caussis
267 1090 357 1159 atque
372 1080 568 1159 argumentis,
589 1100 645 1139 cur
659 1080 701 1138 ita
720 1079 885 1153 sentiatis,
907 1079 960 1155 qui
977 1078 1127 1158 disputat,
1154 1087 1220 1137 tum
1239 1079 1317 1139 alter

140 1181 280 1261 procedit
301 1190 331 1240 et
352 1193 459 1241 contra
482 1181 563 1241 illius
583 1180 743 1240 sententias
765 1189 911 1260 perpetua
933 1181 1071 1239 orations
1092 1179 1244 1259 disputat,
1269 1180 1318 1239 uti

141 1283 172 1341 in
191 1283 390 1357 Academicis,
418 1283 450 1341 in
468 1282 552 1342 libris
568 1281 605 1341 de
621 1283 735 1341 Natura
754 1282 898 1356 Deorum,
926 1281 964 1340 ds
980 1281 1186 1356 Divinatione,
1208 1282 1247 1340 de
1261 1281 1317 1341 ri-

140 1383 239 1443 nibus.
282 1384 316 1443 1ιι
339 1383 514 1443 Tusculanis
531 1393 630 1443 autem
649 1384 760 1462 partim
779 1383 960 1444 Socraticam
982 1392 1088 1442 contre
1107 1382 1233 1442 alterius
1246 1382 1316 1463 opi·

139 1485 259 1545 uionem
276 1485 440 1545 disserendi
460 1484 766 1565 consumunmt),
789 1505 864 1563 quae
883 1483 1034 1543 subtiliter
1055 1483 1265 1563 interrogandi
1288 1492 1318 1543 et

139 1586 341 1664 respondendi
366 1587 511 1646 rationem
534 1589 575 1646 ita
593 1597 694 1647 secuta
716 1597 773 1661 est,
803 1597 838 1645 ut
854 1587 942 1646 rebus
964 1585 1088 1664 siugulis
1110 1585 1262 1645 insisteret
1277 1596 1316 1661 at,

141 1686 216 1764 quid
241 1687 366 1765 quisque
390 1687 584 1764 concederet,
611 1689 684 1766 quid
700 1689 859 1762 abnueret,
890 1687 1054 1767 intelligere
1075 1686 1211 1747 studeret
1233 1698 1264 1746 et
1279 1706 1317 1747 ax

141 1787 232 1847 rebus
251 1789 397 1849 concessis
421 1789 614 1850 concluderet
635 1800 728 1867 atque,
744 1791 787 1849 ita
808 1790 846 1848 ad
866 1789 979 1848 exitum
1000 1789 1188 1868 perveniret,
1217 1799 1317 1848 tenere

141 1888 277 1964 studuit3
306 1901 497 1970 posteaquem
517 1901 615 1950 autem
634 1892 686 1949 ills
703 1890 959 1969 interrogandi'et
979 1889 1183 1969 respondendi
1199 1890 1316 1949 ratione

143 1987 374 2068 disputationem
390 1992 429 2049 ad
447 2001 562 2051 certum
585 1991 732 2067 quendam
753 1991 867 2050 exitum
889 1992 1032 2065 deduxit,
1060 1991 1118 2051 boc
1139 1991 1263 2050 conciso
1287 2000 1318 2049 et

144 2087 228 2148 brevi
244 2089 408 2149 disserendi
426 2111 532 2169 genere
551 2091 671 2166 relicto,
693 2093 807 2171 reliqua
822 2068 969 2171 perpetua
988 2093 1124 2152 oratione
1137 2092 1288 2172 exposuit.

251 2252 340 2317 V111.
386 2255 439 2319 De
457 2260 586 2341 pretio,
609 2258 696 2343 pared
716 2260 919 2323 statuendum
940 2266 988 2325 est
1013 2257 1216 2323 Tusculanis.

227 2392 410 2455 Tusculanae
429 2397 649 2476 Disputationes
669 2398 840 2457 referendae
854 2409 940 2472 sunt,
969 2407 1002 2457 ut
1019 2418 1111 2478 supra
1128 2398 1318 2457 demonstra-

144 2488 258 2568 vimus,
285 2496 323 2555 ad
345 2516 394 2557 eos
417 2498 527 2574 libros,
556 2500 607 2578 qui
621 2498 811 2581 populariter
829 2501 936 2579 magis,
966 2520 1055 2577 quam
1071 2499 1213 2558 subtilius
1231 2498 1319 2557 lima·

145 2592 264 2672 tiusque
278 2600 440 2678 perscripti
455 2611 536 2660 sunt.
580 2603 644 2660 slis
657 2613 701 2662 est
714 2604 790 2663 enirn
805 2602 870 2677 illa,
890 2622 982 2680 quum
999 2601 1106 2660 veritas
1119 2600 1184 2678 ipsa
1195 2599 1320 2658 limatur

145 2690 178 2751 in
207 2694 428 2775 disputatione,
460 2702 627 2780 subtilitas,
654 2704 726 2779 alia,
754 2725 845 2783 quum
872 2705 911 2763 ad
939 2703 1111 2781 opinionem
1135 2720 1320 2760 communem

146 2795 239 2854 omnis
261 2801 501 2860 accommodatur
516 2805 616 2864 oratio
629 2806 667 2884 ¹).
711 2807 766 2864 Sed
784 2805 1051 2884 praestantissimae
1068 2813 1159 2881 atque
1179 2802 1320 2862 excelsis-

144 2894 233 2955 simae
249 2898 279 2956 in
297 2900 339 2958 eis
355 2922 511 2980 expressae
525 2915 597 2963 sunt
610 2908 773 2965 sententiae
786 2917 816 2964 et
830 2917 999 2985 praecepta:
1022 2924 1097 2983 quae
1113 2925 1205 2982 quum
1220 2924 1320 2963 cuntes

143 2993 285 3075 bounnes,
307 3011 371 3061 tuur
385 3005 509 3064 maxime
522 3007 676 3066 erectioris
689 3008 799 3067 indolis
815 3009 1012 3068 adolescentes
1027 3018 1055 3067 et
1069 3006 1233 3085 inagnilicis
1248 3026 1320 3065 sen·

143 3097 225 3158 sibus
245 3101 392 3180 imbuere,
419 3118 449 3165 et
462 3109 553 3167 animi
568 3109 708 3168 firmitate
726 3131 847 3189 augere,
876 3111 959 3169 etad
975 3109 1209 3188 praeclarissima
1225 3127 1320 3186 quae-

145 3220 204 3277 que
223 3203 335 3283 erigere
352 3206 471 3267 debent.
515 3210 615 3282 Quum
638 3209 684 3270 vel
704 3212 767 3290 ipsa
787 3212 897 3271 horum
918 3213 1065 3271 librorum
1082 3220 1257 3290 argumenta
1276 3211 1319 3269 ita

143 3317 315 3383 comparata
330 3308 406 3385 sint,
435 3321 469 3370 ut
482 3312 545 3371 sina
564 3311 633 3371 ullis
648 3312 793 3373 orationis
812 3315 992 3373 ornamentis
1007 3325 1038 3373 et
1052 3312 1199 3372 illecabris
1218 3332 1319 3391 expo·

143 3405 200 3464 sita
226 3421 334 3487 sponte
351 3413 467 3473 arrimos
485 3414 644 3474 advertant
662 3414 701 3474 ad
725 3435 756 3474 se
772 3415 965 3495 rapiantque,
995 3425 1057 3473 tum
1076 3435 1110 3472 eo
1128 3413 1247 3481 dicandi
1263 3432 1320 3491 ge-

143 3526 215 3565 nere
237 3513 395 3589 explanata
418 3526 448 3576 et
469 3517 621 3577 illustrata
642 3528 729 3592 suut,
757 3527 805 3593 ut,
835 3537 896 3595 quo
921 3517 1018 3575 minus
1044 3515 1122 3575 illud
1141 3515 1180 3574 ad
1199 3532 1321 3575 severas

143 3607 288 3673 orationis
311 3613 387 3693 leges
410 3628 547 3677 exactum
564 3629 594 3677 et
616 3621 789 3699 castigatum
810 3619 865 3694 sit,
892 3618 951 3679 hoc
968 3618 1110 3677 libentius
1132 3617 1165 3675 in
1185 3636 1221 3674 eo
1241 3636 1320 3675 oon-

143 3707 285 3783 quiescas.
328 3716 391 3774 Etsi
413 3721 515 3797 negari
539 3743 599 3780 nou
621 3732 737 3800 potest,
764 3721 820 3782 hos
840 3723 933 3781 libros
954 3720 1055 3779 multis
1074 3720 1148 3778 locis
1170 3717 1318 3777 festinau-

143 3806 204 3866 tius
216 3807 248 3891 ²)
266 3823 295 3872 et
313 3817 507 3899 negligentius
529 3832 559 3880 et
575 3824 670 3881 multo
695 3825 807 3896 suiuus,
838 3842 926 3898 quam
946 3822 1004 3879 alia
1022 3821 1151 3880 eiusdem
1166 3819 1260 3878 Tullii
1281 3820 1320 3878 de

142 3907 334 3994 philosophia
350 3922 477 4000 scripta,
500 3923 633 3979 elimatos
652 3942 687 3978 ac
705 3923 873 3999 perpolitus
885 3941 960 3997 esse,
988 3924 1139 4000 multaque
1158 3922 1190 3980 iu
1211 3921 1254 3980 eis
1266 3921 1317 3979 in-

142 4029 218 4087 em,
248 4015 404 4094 inquibus
427 4017 600 4098 philosophi
617 4020 767 4080 subtilitas
786 4033 814 4081 et
833 4022 985 4101 diligentia
1003 4025 1204 4098 desideretur;
1233 4033 1318 4083 tanta

142 4122 283 4176 tamensi
301 4118 513 4177 sententiarum
531 4122 681 4198 ubertate,
703 4124 850 4201 gravitate
864 4147 898 4184 ac
912 4127 1099 4200 salubritate,
1121 4136 1151 4184 st
1168 4125 1317 4184 orationis

139 4216 281 4278 facilitate
287 4265 296 4295 ,
319 4219 517 4295 iucunditate,
547 4235 704 4284 venustate
720 4247 781 4285 sese
807 4229 1030 4302 coiiimendant,
1060 4239 1094 4286 ut
1115 4238 1144 4286 et
1163 4228 1196 4285 in
1213 4225 1316 4286 utilis-

139 4317 220 4380 simis
240 4332 269 4385 et
283 4323 314 4381 in
333 4323 513 4383 suavissimis
530 4325 702 4408 philosophi
722 4329 819 4388 nostri
835 4331 955 4409 scriptis
973 4332 1039 4388 iure
1055 4330 1169 4388 censeri
1192 4337 1316 4406 queant.

140 4417 236 4496 Atque
253 4424 298 4483 uti
322 4427 353 4484 in
372 4426 524 4485 Ciceronis
544 4429 732 4489 orationibus
755 4431 973 4510 rhetoricisque
989 4432 1074 4490 libris
1089 4450 1237 4490 summum
1251 4431 1316 4488 llo·

137 4523 216 4578 mani
232 4527 376 4586 sermonis
390 4528 578 4607 splendorem
595 4542 624 4589 et
636 4533 829 4609 maiestatem,
850 4554 1049 4612 surmnamque
1069 4555 1103 4591 ac
1123 4533 1175 4593 vix
1193 4524 1317 4592 iniitan-

138 4619 204 4679 dam
221 4635 315 4693 artem
329 4627 526 4707 admiramur,
549 4632 590 4690 ita
607 4631 662 4691 hae
674 4633 711 4692 de
727 4634 918 4714 philosophia
934 4636 1151 4715 disputationes
1166 4634 1316 4715 egregium

136 4822 142 4840 1
204 4752 232 4820 9)
252 4756 408 4812 Cf.'1⁸uscu1.
430 4764 449 4811 1.
457 4760 483 4827 8,
505 4758 536 4813 16
548 4780 586 4842 sq.
622 4762 646 4830 1)
663 4764 750 4815 Cicero
763 4765 795 4816 de
804 4765 878 4817 offic.
894 4769 925 4817 11.
935 4766 974 4818 10.
991 4767 1034 4831 35,
1053 4768 1095 4818 ubi
1112 4770 1220 4818 nrm
1240 4762 1315 4835 put).

137 4822 164 4885 1)
181 4824 208 4873 F.
227 4829 253 4875 A.
275 4827 370 4889 Wolfius
391 4828 417 4879 in
433 4830 516 4880 Praei.
536 4830 596 4881 edit.
621 4848 680 4881 auae
700 4849 725 4901 p.
741 4834 784 4884 tv.
802 4834 955 4885 'lusculanas
972 4836 1042 4886 unius
1062 4835 1102 4888 vel
1119 4834 1227 4886 duorum
1246 4849 1316 4885 msa·

134 4886 197 4941 sium
215 4892 293 4972 letum
314 4910 368 4975 fen·
387 4906 467 4978 pnpn.
503 4901 586 5015 Atpue
599 4914 630 4946 ex
647 4897 695 4949 hac
712 4899 765 4966 ipsa
785 4900 947 4954 festinatione
966 4902 1059 4954 lactum
1086 4914 1140 4964 cst,
1168 4913 1196 4952 ut
1214 4901 1241 4951 hi
1258 4900 1315 4953 libai

132 4958 221 5010 relecti
238 4971 288 5010 sint
305 4966 483 5024 simulentur<
500 4982 544 5017 rer
562 4983 633 5016 orum
649 4968 874 5021 consecutionibus.
