2888 5512
513 399 637 448 traua
656 402 685 449 v.
703 398 735 461 6,
755 398 794 450 17.
1175 390 1238 458 tos

61 626 163 691 onnia
177 626 280 689 rabide
301 638 485 712 appetentem
505 649 569 691 cum
590 629 759 714 inexplebili
779 630 952 716 cupiditate,
981 654 1096 717 quoque
1114 636 1233 699 affluen-

57 736 119 801 tius
140 737 307 822 voluptates
329 740 454 821 undique
480 739 610 818 hauriat,
640 762 676 802 co
694 741 814 824 gravius
836 743 1044 827 ardentiusque
1070 744 1230 824 sitientem,

53 870 161 913 noune
177 859 260 912 recte
274 849 468 911 miserrimum
488 850 620 913 dixeris?
664 848 761 932 Quid?
784 853 877 915 clatus
893 853 941 915 ille
956 854 1076 919 levitate
1092 853 1230 940 inanique

54 958 174 1025 laetitia
189 960 342 1023 exsultans
353 971 383 1023 et
398 971 508 1023 temere
520 962 651 1044 gestiens
666 984 764 1024 nonne
779 973 859 1026 tauto
874 964 1025 1042 miserior,
1051 977 1158 1048 quanto
1174 968 1230 1031 sibi

10 1062 20 1069 ”
52 1070 178 1135 videtur
191 1069 327 1133 beatior?
369 1068 462 1153 Ergo,
488 1083 519 1133 ut
535 1071 562 1133 lii
580 1072 692 1150 miseri,
716 1074 760 1136 sie
776 1085 879 1138 eontra
893 1075 934 1137 illi
949 1075 1045 1153 beati,
1070 1097 1144 1158 quos
1159 1077 1230 1141 nulli

55 1192 157 1247 neure
174 1191 304 1258 terrent,
330 1181 425 1244 nullae
439 1183 638 1264 aegritudines
657 1184 804 1262 exedunt,
830 1185 925 1247 nullae
941 1185 1076 1249 libidines
1093 1184 1226 1266 incitant,

57 1292 160 1356 nullae
181 1292 278 1354 lutiles
296 1292 423 1354 laetitiae
443 1294 627 1355 exsultantes
647 1293 791 1375 languidis
813 1294 1003 1378 liquefaciunt
1020 1296 1228 1380 voluptatibus.

56 1400 103 1468 Ut
114 1403 204 1465 maris
217 1403 307 1487 igitur
323 1403 516 1486 tranquillitas
533 1404 721 1486 intelligitur,
747 1405 826 1467 nulla
841 1426 878 1468 ne
892 1406 1009 1469 minima
1025 1408 1139 1491 quidem
1158 1429 1230 1473 aura

22 1578 25 1583 ,
54 1514 166 1579 duetus
191 1524 412 1591 commoveut03
440 1514 484 1576 sic
507 1515 597 1576 animi
618 1514 733 1599 quietus
756 1528 786 1577 rt
813 1516 943 1600 placatus
967 1528 1062 1581 status
1085 1519 1227 1597 cernitur,

56 1644 152 1709 quun
166 1623 345 1708 perturbatio
366 1624 443 1686 nulla
465 1635 526 1702 est,
558 1648 575 1708 q
637 1625 750 1688 moveri
769 1634 869 1709 queat.
917 1636 967 1691 rt.
1003 1625 1116 1709 Quodsi
1143 1632 1228 1707 est¹,

57 1734 111 1819 qui
125 1733 183 1797 rin
197 1734 348 1812 furtunae,
371 1736 420 1819 qui
434 1736 530 1798 omnia
545 1735 611 1799 hum
679 1784 688 1814 ,
713 1758 787 1819 quae
800 1738 928 1820 cuique³
944 1739 1079 1802 accidere
1094 1750 1228 1823 possunt,

56 1843 223 1909 tolerabilia
244 1845 347 1922 ducat,
377 1865 415 1907 ex
437 1868 494 1928 quo
520 1866 576 1908 nec
598 1846 684 1909 timor
702 1867 769 1909 eum
786 1867 842 1909 nec
858 1868 953 1931 angor
966 1849 1106 1932 attingat,
1137 1849 1230 1913 idem·

56 1953 159 2041 quesi
178 1954 250 2019 nibil
267 1956 469 2041 concupiscat,
500 1942 735 2129 ιιιιΙΙιἫιιιιι
754 1958 843 2020 animi
860 1958 940 2021 inani
962 1959 1127 2044 voluptate,
1160 1961 1226 2045 quid

57 2077 124 2145 ert,
152 2065 248 2131 curis
268 2087 327 2129 nou
344 2066 448 2129 beatus
471 2067 589 2130 sithet
608 2088 633 2129 su
671 2087 724 2129 aec
748 2068 856 2131 virtute
877 2069 1055 2146 efficiuntur,
1084 2069 1226 2152 quidest,

58 2198 114 2241 cur
133 2176 230 2241 virtus
252 2176 316 2261 ipsa
338 2197 391 2261 per
412 2198 445 2239 sc
468 2198 526 2239 non
549 2177 653 2263 dificiat
674 2178 799 2241 beatos?

146 2282 220 2351 Vll.
248 2286 289 2351 A.
311 2285 403 2370 Atqui
420 2288 542 2350 alterurn
563 2288 618 2350 dici
636 2310 694 2351 uon
709 2298 822 2373 potest,
846 2289 915 2373 quin
934 2290 973 2367 ii,
1002 2290 1051 2374 qui
1068 2290 1139 2354 nibil
1164 2311 1226 2355 tue·

130 2436 190 2489 2r.
204 2438 268 2491 adn.
299 2438 316 2491 ³
334 2439 375 2489 Sic
392 2441 422 2489 R.
437 2439 502 2490 Gnd.
522 2440 545 2489 l.
562 2441 593 2489 ll.
608 2441 688 2491 Marb.
706 2440 790 2491 Duisb.
809 2442 877 2491 lllou.
894 2441 917 2492 1.
930 2440 954 2493 2.
971 2442 1046 2493 Vind.
1062 2440 1086 2492 2.
1103 2460 1147 2493 sex
1163 2446 1226 2494 On.

60 2518 119 2559 tres
141 2504 204 2559 adt.
223 2506 322 2559 Martia.
348 2518 373 2557 et
390 2508 502 2558 nonnuli.
525 2507 584 2557 edrl.
599 2520 676 2569 rett3
701 2508 789 2558 eodem
813 2509 883 2559 ducit
907 2526 966 2573 quoe
989 2516 1099 2573 cuiquam
1121 2512 1145 2560 iu
1170 2511 1235 2571 cod.

60 2572 180 2635 schottij
197 2590 344 2640 quoeunque
360 2580 415 2643 [pro
431 2591 490 2639 qaue
506 2576 597 2642 cuique)
616 2578 659 2626 Or.
670 2594 691 2627 c.
708 2574 808 2643 reliquis
825 2577 897 2628 codd.
915 2588 941 2626 et
957 2577 1079 2645 plerisque
1095 2578 1152 2628 edd.
1162 2588 1226 2629 vett.

41 2676 124 2731 -52:.
144 2676 272 2745 voluptate
305 2681 453 2741 liquescimus
486 2676 631 2745 fluimusque
656 2688 694 2727 est
710 2676 810 2743 quidem
832 2676 858 2726 in
875 2686 998 2727 structura
1015 2679 1145 2729 verborum
1164 2697 1227 2731 uua·

55 2744 171 2797 nottirh.
656 2745 765 2796 coluthia
787 2744 923 2812 (quaedam
949 2762 1006 2795 nam
1028 2747 1109 2798 oratio
1126 2747 1162 2797 sic
1179 2746 1227 2798 de-

107 2818 184 2865 mit
197 2814 368 2881 numidas]
388 2813 479 2864 Caesar
495 2815 522 2864 ll.
539 2812 570 2862 G.
588 2814 629 2872 lll,
656 2831 753 2864 currere
767 2813 888 2863 debebat:
905 2818 946 2877 qui
959 2818 1039 2865 omnia
1053 2843 1086 2856 -
1099 2819 1180 2878 ducat,
1196 2831 1228 2867 ex

57 2880 107 2933 15:
129 2882 275 2933 malacia-et
290 2880 453 2949 tranquillitas
471 2881 564 2947 (muris)
583 2898 630 2930 ex·
654 2896 700 2945 quo
716 2885 832 2945 uttinqot,
856 2887 973 2946 quique
996 2886 1058 2933 idem
1078 2887 1136 2935 nilrtl
1153 2900 1226 2947 curre,

54 2945 131 3013 reida
148 2950 190 3001 ubi
208 2967 231 3000 r.
249 2952 344 3013 llmog.
362 2950 452 3016 pltat.
487 2949 567 2999 Etiam
582 2952 630 2999 Sc-
654 2954 720 3001 nulla
745 2960 809 3009 οτι-,ς
834 2949 879 3001 sed
901 2968 930 3001 eu
954 2961 992 3001 est
1011 2962 1061 3002 tum
1085 2952 1162 3011 levis,
1189 2962 1225 3013 ut,

54 3018 212 3085 memet.
223 3018 274 3069 lroc
282 3018 404 3069 vocabulo
415 3034 470 3066 usus
480 3025 526 3067 est.
547 3018 628 3067 Grae·
654 3018 799 3085 praesertim
815 3019 840 3069 in
858 3019 895 3069 nis
912 3018 996 3078 libris,
1020 3019 1152 3069 oll'rnsioni
1171 3035 1225 3067 essa

54 3102 88 3137 ee
103 3097 143 3137 eet
159 3084 287 3153 μαλακία,
311 3086 381 3152 quod
398 3084 479 3136 burel.
495 3084 582 3135 Victor
597 3086 629 3134 dc
653 3102 702 3136 uon
720 3088 805 3151 possit.
841 3086 915 3147 Quod
930 3098 1011 3135 eutem
1027 3086 1169 3134 Wolliunse
1182 3083 1225 3133 ‹ti-

55 3152 103 3205 vlt.
127 3152 164 3204 ill.
189 3171 211 3205 c.
227 3154 270 3205 22.
295 3153 417 3205 inritamde
441 3153 562 3219 expressit
585 3170 629 3219 per
652 3154 779 3203 stinctioni
794 3171 867 3219 quam
880 3152 985 3201 maxime
1000 3151 1092 3209 obstat,
1109 3161 1148 3199 est
1162 3166 1226 3199 cou-

52 3224 177 3273 martem
201 3226 284 3273 merit.
324 3222 412 3271 Festus
435 3221 541 3271 adnotat
564 3220 629 3271 hanc
652 3232 720 3271 stans
739 3221 865 3270 Ciceronis
888 3218 987 3268 dicendi
1010 3235 1083 3277 usus,
1109 3235 1158 3283 quo
1182 3216 1225 3267 illa

55 3288 185 3357 μαλωιίαν
205 3289 270 3356 apud
285 3289 389 3341 Latinos
404 3289 497 3339 dictam
511 3305 565 3338 esse
584 3291 629 3351 plu·
655 3286 775 3345 lonnnla,
801 3304 864 3355 qnae
888 3296 1001 3335 nostrae:
1031 3300 1098 3335 wenc
1120 3288 1170 3335 ricla
1187 3287 1225 3335 die

54 3362 126 3419 aar,
149 3372 233 3421 m,
272 3374 328 3409 ιιιιιιι
344 3357 370 3407 iu
386 3358 449 3407 mari
473 3356 560 3407 lluetus
576 3372 628 3405 uon
653 3358 729 3405 Socbt
743 3370 769 3405 au
784 3358 875 3405 verbdtt
891 3352 1039 3420 respondet,
1059 3370 1109 3403 non
1127 3356 1226 3417 quodsi

54 3434 201 3475 moment.
268 3428 374 3477 ,Brute
391 3424 423 3474 ad
441 3425 466 3475 lu.
484 3425 500 3475 l.
653 3430 686 3473 eat
702 3431 804 3472 notatur
821 3426 852 3488 (c.
870 3421 908 3485 17,
924 3422 967 3471 50.
989 3421 1033 3479 tc,
1050 3420 1091 3471 52.
1108 3421 1156 3471 huc
1172 3438 1222 3473 nou

55 3522 58 3527 ·
110 3492 183 3563 §.iz
207 3494 296 3555 Quodsi
309 3500 358 3555 ert,
382 3493 434 3559 qut]
457 3496 537 3555 Wolfio
554 3507 628 3558 pree·
655 3490 795 3556 pertinent,
815 3508 837 3537 r.
855 3490 889 3539 ibi
904 3488 987 3549 adml,
1008 3488 1053 3537 sed
1072 3490 1110 3539 vel
1124 3492 1225 3552 quodsi

55 3570 134 3613 eunte
152 3560 303 3613 noeutiorer
324 3560 435 3613 editores
457 3561 524 3611 hunc
546 3560 628 3609 locum
653 3563 702 3608 r'tc
723 3563 770 3619 est,
796 3556 836 3606 rel
860 3561 892 3607 td
915 3562 999 3618 aest,
1025 3556 1064 3605 vel
1080 3560 1112 3608 r'd
1134 3561 1155 3607 si
1178 3562 1225 3607 tto

53 3626 94 3681 ele
107 3626 288 3681 distinxerunt:
310 3630 380 3692 ond
391 3632 476 3691 dest,
492 3632 548 3691 qui,
564 3627 590 3677 lu.
605 3642 627 3678 e.
654 3633 700 3687 est,
717 3625 756 3673 rel
771 3628 833 3687 quod
850 3632 874 3674 ut
891 3630 939 3675 ilo
955 3628 984 3673 sit
1001 3626 1031 3690 (l.
1047 3626 1089 3683 tt.
1103 3622 1167 3690 lb),
1184 3625 1223 3675 rel

55 3694 125 3763 quud
139 3696 161 3747 si
176 3696 212 3749 ita
225 3712 254 3747 ee
270 3696 360 3759 babet,
376 3696 414 3757 ir,
439 3696 480 3764 qui
495 3725 528 3734 -
544 3695 627 3755 ducat,
652 3695 715 3756 quod
732 3694 811 3759 (quael
834 3708 907 3756 qrrum
926 3697 974 3743 tto
997 3697 1026 3743 eit
1049 3694 1124 3759 (sint).
1159 3693 1224 3744 For-

56 3762 448 3901 ³..'i‘¹¹¹-⁶tl{'”t‘³t;.tttzl·
462 3763 627 3882 illd...]
653 3760 1223 3891 t”¹t.tl‚‘l⁹¹.‘t.t''t·⁶ttulssttdli‘tt

55 3916 81 3969 p.
99 3900 133 3952 tu
147 3918 185 3967 aq.
210 3900 328 3953 reronri
352 3900 461 3967 priorem
485 3898 628 3949 distinctio·
652 3896 826 3949 coniunctione
842 3900 932 3961 quodsi.

55 3982 130 4017 nem:
150 3970 240 4029 Quodsi
252 3974 300 4031 a,
314 3972 364 4033 qai,
378 3968 438 4019 lue.
453 3971 629 4033 quurtmqrn's
702 3981 732 4016 ex
747 3967 803 4031 quc]
821 3982 883 4032 pro:
901 3970 936 4015 ito
950 3972 983 4015 at.
1020 3965 1059 4013 ct.
1077 3964 1125 4021 25,
1140 3961 1180 4013 70.

52 4040 107 4095 ert,
131 4038 189 4097 qul,
211 4032 303 4085 deiude
325 4052 422 4087 comma
447 4046 505 4102 port
521 4038 628 4097 idemque
705 4033 762 4082 Gra.
776 4033 831 4081 vn.
857 4035 904 4083 dict
919 4048 964 4083 non
977 4035 1065 4092 nard,
1081 4028 1148 4095 quin]
1167 4026 1222 4078 Sic:

53 4100 151 4153 deleri.
185 4102 223 4150 lta
241 4110 357 4168 quattuor
372 4102 565 4171 perturbationis
581 4119 628 4167 ge·
652 4118 699 4152 non
715 4104 805 4162 ignoro,
821 4106 886 4163 quin,
901 4102 983 4175 negari
998 4112 1045 4145 non
1059 4101 1151 4175 potest,
1165 4098 1223 4159 qaia

54 4186 117 4221 nera
132 4180 368 4219 commemorantur:
385 4179 461 4224 medus
473 4169 572 4237 (timor),
588 4184 628 4218 ce·
653 4169 751 4226 dicitnr,
773 4184 847 4235 quum
860 4186 900 4217 res
912 4166 1055 4215 dubitanter
1067 4173 1222 4224 enuntiatum

54 4239 152 4305 fitutia
169 4236 283 4301 (angori,
299 4240 371 4289 tatto
386 4240 564 4305 (menpiscon,
580 4240 629 4287 ltte-
655 4246 741 4287 contra
755 4236 907 4287 accusativus
922 4251 942 4282 e.
954 4232 999 4281 int.
1015 4231 1131 4299 sequitur,
1147 4250 1222 4303 quum

54 4308 106 4357 Ulla
122 4308 224 4373 (efferat.
241 4307 521 4371 commacularit),
544 4315 628 4355 totur—
654 4321 692 4354 res
710 4313 753 4353 aut
769 4321 823 4354 esse
845 4312 888 4351 ant
913 4300 989 4350 fauisse
1005 4310 1048 4349 aut
1071 4300 1154 4352 futura
1168 4320 1222 4353 esee

56 4388 104 4441 quc
119 4374 191 4425 locus
205 4371 307 4441 egregie
322 4372 456 4441 respondet
472 4370 630 4425 antecedenti
653 4371 799 4439 simpliciter
822 4368 970 4421 enuntiatur.
1013 4369 1086 4420 Plura
1106 4370 1222 4421 rledimua

56 4442 91 4509 (Ι.
106 4438 173 4506 16.)ι
201 4458 266 4511 quos
289 4441 352 4493 nulli
373 4448 447 4495 mabar
466 4451 578 4501 terrent,
605 4458 629 4489 ιι.
654 4441 680 4491 in
696 4443 740 4491 Gr.
756 4441 786 4490 L.
795 4442 827 4558 p
843 4434 897 4490 143.
915 4438 975 4490 Not.
989 4437 1015 4491 3.
1049 4440 1081 4490 cl.
1102 4442 1177 4491 Ottun.
1195 4448 1223 4489 et

53 4512 214 4575 madiret
227 4509 348 4573 exedunt,
361 4526 388 4561 tt.
401 4509 629 4569 libidinosiucitant,
655 4512 793 4572 llcduigst
829 4506 883 4557 Fin.
899 4508 930 4557 V.
947 4508 991 4568 ll,
1008 4505 1051 4558 32.
1085 4510 1223 4557 Rumborn.

52 4594 83 4629 ι.
96 4576 118 4629 f.
133 4582 236 4630 Mitior
251 4589 314 4641 etc,
335 4589 366 4629 -et
380 4577 540 4645 subrequeuti
562 4580 594 4643 (c.
605 4574 630 4629 7.
655 4576 685 4625 L.
703 4578 748 4625 Gr.
770 4578 793 4642 p.
808 4576 862 4627 lbi).
877 4592 901 4642 p.
915 4574 973 4627 75¹2.
990 4574 1029 4624 erl.
1045 4575 1070 4623 ¹2.
1105 4574 1151 4625 Sic.
1163 4574 1188 4624 h.
1205 4572 1223 4621 l.

50 4644 137 4711 'uit-l:
164 4646 227 4697 nihil
248 4653 367 4711 metuam,
394 4664 418 4697 ιι.
444 4650 578 4709 macene,
604 4662 629 4693 u.
655 4646 853 4706 dicinonputesb
864 4647 922 4705 quar
931 4642 998 4693 idem
1013 4642 1066 4690 lere
1080 4651 1127 4701 est,
1142 4637 1224 4705 quod:

50 4717 203 4777 nuspiam,
222 4730 247 4764 n.
263 4715 280 4763 i.
296 4712 553 4767 admoneantur.
586 4714 629 4761 ln·
655 4713 759 4763 dubitari
774 4726 821 4761 non
835 4715 925 4771 pacat,
941 4712 1005 4811 qqr'n.
