2888 5512
151 310 217 378 318
587 322 708 371 uranu
726 322 768 371 ru.
786 320 836 383 aa,
855 320 897 371 as.

153 443 236 522 tulit,
261 452 358 503 tamen
375 440 401 502 si
417 438 483 522 quis
500 457 586 500 error
602 438 761 500 alicunde⁸
783 438 916 516 exstitit,
940 439 966 500 si
985 447 1142 522 paupertas
1157 440 1325 515 momordit,

152 553 177 618 si
192 550 353 635 ignominia
368 550 499 633 pupugit,
524 547 550 609 si
565 547 631 629 quid
647 547 834 610 tenebrarum
847 548 953 610 olludit
967 547 1124 625 exsilium,
1148 558 1203 610 aut
1215 568 1326 626 eorum,

150 681 225 746 qnae
242 660 328 722 modo
344 659 418 735 dixi,
443 658 468 719 si
485 657 551 740 quid
571 656 704 735 exstitit,
729 656 777 719 si³
796 657 977 740 singularum
992 676 1091 719 rerum
1108 667 1180 719 sunt
1196 659 1327 742 propriae

150 770 387 846 consolationes,
416 767 452 828 de
472 767 576 849 quibus
600 766 702 828 audies
725 777 757 828 tu
777 767 910 849 quidem,
943 788 1029 849 quum
1055 766 1152 829 uoles.
1209 764 1270 831 Sed
1293 768 1328 830 ad

150 879 277 943 eundem
295 879 404 939 lontem
423 877 629 938 revertendum
647 885 709 953 est,
739 876 952 959 aegritudinem
970 895 1085 937 omnem
1102 876 1206 960 procul
1224 878 1327 941 abesse

150 989 335 1073 asupieute,
367 986 442 1069 quod
460 985 555 1048 inanis
573 985 629 1062 sit,
658 985 734 1067 quod
755 987 864 1047 frustra
882 985 1077 1069 suscipiatur,
1107 985 1184 1069 quod
1201 1008 1258 1049 non
1273 1008 1327 1049 na-

150 1097 404 1173 turaexom'atur,
435 1094 628 1171 sediudieio,
659 1095 711 1156 sed
736 1095 892 1178 opinione,
925 1096 978 1157 sed
1001 1096 1127 1177 quadam
1150 1096 1326 1159 inritatione

151 1208 188 1271 ad
205 1207 375 1283 dolendum,
398 1225 487 1287 quum
502 1205 529 1265 id
547 1205 767 1267 decreverimus
783 1204 822 1266 ita
842 1204 905 1265 lieri
920 1215 1069 1287 oportere.
1116 1214 1171 1269 83.
1197 1204 1263 1268 llos
1277 1207 1325 1269 de·

151 1328 264 1393 tracto,
294 1315 370 1398 quod
386 1324 477 1376 totum
497 1324 544 1376 est
558 1314 768 1391 uoluntarium,
789 1313 943 1397 aegritudo
960 1314 1020 1376 erit
1039 1313 1157 1377 sublata
1180 1315 1231 1379 itta
1247 1336 1325 1379 mae-

150 1446 240 1503 rens3
260 1444 377 1487 morsus
391 1433 488 1487 tumen
501 1433 530 1485 et
545 1423 838 1485 contractiunculue³
852 1423 994 1505 «prunedum
1006 1423 1096 1486 animi
1110 1424 1321 1509 relinquentur.

151 1534 236 1599 llnne
258 1535 358 1597 diruut
378 1552 449 1596 sane
473 1534 653 1610 naturalem,
686 1533 752 1594 dum
777 1531 970 1614 aregritudinis
994 1552 1103 1597 nornen
1126 1533 1206 1597 absit
1221 1554 1321 1618 gram,

149 1654 274 1723 tetrum,
300 1645 468 1719 funestum,
493 1643 569 1725 quod
583 1662 648 1704 eum
663 1640 808 1725 sapientia
826 1661 893 1703 essa
907 1652 1006 1725 atque,
1032 1651 1063 1705 ut
1078 1643 1121 1706 ita
1135 1643 1251 1721 diuam,
1274 1642 1322 1707 lta·

217 1853 236 1907 3
252 1873 276 1906 v.
292 1853 356 1905 ndu.

149 1975 318 2035 losoptloe
343 1982 369 2020 et
389 1974 411 2021 ei
434 1986 481 2037 pro
504 1977 525 2021 rt
545 1974 581 2033 si,
606 1974 725 2021 Nissenius
750 1971 781 2020 V.
797 1970 823 2031 2,
835 1969 866 2022 6:
886 1971 948 2021 haec
964 1969 1125 2021 indoctorum
1141 1970 1233 2021 animis
1248 1974 1323 2033 affuso

148 2038 201 2089 ita:
219 2045 253 2089 sie
269 2044 300 2088 lu
314 2041 463 2101 philosophia
477 2047 526 2087 etc.
541 2039 580 2097 L,
594 2040 659 2098 Seu,
676 2054 723 2085 uu·
749 2040 826 2099 ealipo
843 2046 889 2087 est.

169 2123 197 2156 er
213 2111 252 2156 Te.
269 2105 415 2155 deleverunt
431 2104 505 2171 plane
522 2110 545 2154 et
560 2108 596 2166 si,
614 2114 641 2153 ut
658 2120 725 2169 upo-
799 2105 899 2171 nudus]
930 2104 994 2155 libro
1018 2114 1111 2171 quarto
1133 2103 1236 2157 Tment
1251 2101 1321 2171 llisp.

149 2123 218 2223 iouis
239 2172 363 2221 ordiretur
378 2188 394 2221 a
412 2170 493 2221 verbis
517 2173 665 2233 sinpttlntum
682 2185 724 2220 re·
749 2170 788 2221 td
805 2188 875 2238 seqq.
899 2174 947 2223 sed
969 2174 1002 2222 ud
1022 2174 1123 2221 eundem
1145 2175 1324 2234 [Mumm-

148 2254 219 2298 rum
239 2241 334 2298 ll'olfiur
343 2235 724 2289 OEeeronemscribereroluisse
747 2240 844 2289 undum
860 2246 893 2289 est
909 2256 940 2289 ex
953 2238 1086 2289 antecedd.
1102 2238 1270 2307 supplendum
1285 2246 1322 2289 est

147 2314 217 2355 retus
229 2304 421 2365 uepnttosaptta
434 2338 504 2353 .....
521 2306 634 2365 medetur,
648 2303 723 2353 dein·
748 2307 774 2355 ia
789 2309 890 2367 arpotis
903 2310 978 2356 retus.

148 2370 183 2421 de
197 2380 280 2421 eutem
293 2380 388 2420 mutata
402 2380 525 2421 structura
535 2369 627 2419 dixisse
641 2375 722 2435 stupu·
816 2374 873 2423 ,ot
888 2374 1103 2423 eoruractiuueulue
1114 2370 1320 2439 deltarum]

148 2442 228 2489 larum
240 2453 262 2489 r.
274 2453 294 2487 s.
308 2453 334 2499 p.
346 2454 376 2499 a,
393 2438 469 2487 uerba
484 2441 539 2487 etsi
554 2438 624 2488 unum
637 2439 723 2505 sepsit.
748 2438 790 2489 Sin
815 2449 892 2503 egunt
909 2456 995 2490 omnes
1012 2438 1088 2490 codd.
1105 2448 1132 2489 et
1147 2440 1218 2491 Nou.
1233 2440 1319 2507 plns

147 2506 236 2557 Brutus
252 2503 401 2555 enrriuuctim
410 2510 452 2556 etsi
464 2504 621 2555 scribendum
630 2515 655 2555 et
663 2516 723 2557 ante
746 2508 863 2557 Baulleius
887 2505 1019 2572 legendum
1041 2516 1115 2573 putat
1136 2510 1320 2559 eoatraettm-
1354 2564 1356 2569 ,

148 2570 176 2619 id
197 2584 315 2636 punctum
356 2571 481 2623 nuendum
507 2583 606 2633 censet,
632 2584 659 2623 ut
681 2577 724 2625 tlal
747 2575 771 2621 ln
792 2602 826 2613 ·-
843 2576 1000 2637 relinquetur,
1030 2574 1088 2641 quia
1112 2584 1235 2641 sequatur
1257 2576 1320 2633 Met,

146 2636 199 2750 :tt
216 2590 357 2753 sertui
372 2640 464 2765 hats
481 2639 723 2771 sitietis..
747 2640 1318 2775 altsteti*
1353 2670 1356 2691 ²

146 2771 168 2817 ti
201 2766 332 2831 legendum
365 2770 532 2819 conieoerunt.
576 2775 667 2822 Keilius
695 2775 722 2823 iu
747 2778 872 2824 ductiones
889 2786 914 2824 rt
934 2790 1034 2825 morsus.
1070 2782 1104 2825 At
1121 2776 1220 2841 optime
1236 2784 1315 2825 eontra

145 2834 234 2899 Progr.
251 2831 275 2882 d.
291 2849 316 2898 p.
327 2834 403 2884 XlX.
418 2834 500 2883 luserim
512 2836 550 2884 sie
564 2838 722 2889 constituen-
747 2843 872 2903 ilandius,
890 2842 1071 2921 Wopkeusium
1086 2854 1204 2903 secutum,
1222 2860 1248 2909 p.
1261 2840 1312 2893 lli:

145 2900 206 2951 dum
224 2909 320 2950 censet:
345 2904 379 2951 sie
394 2904 555 2963 philosophia,
578 2918 651 2964 quum
668 2911 721 2955 urri-
746 2907 834 2965 „Nihil
858 2908 978 2973 ints-gnus
995 2921 1034 2959 est
1050 2910 1177 2975 scriptura
1195 2908 1311 2961 cndinuntt

145 2984 240 3020 uersam
262 2971 432 3031 aspritudinem
454 2972 563 3029 sustulit,
587 2976 721 3021 sustulit
745 2974 806 3023 taric
823 2977 905 3025 alienat
920 2991 977 3025 sans
991 2980 1127 3027 naturalem
1151 2978 1259 3043 positum
1278 2982 1311 3023 est

146 3042 244 3088 sliam
261 3047 309 3087 etc.
326 3045 352 3086 et
369 3052 417 3102 pro
433 3040 491 3086 elsi
510 3035 662 3086 coniunctim
679 3043 720 3089 elsi
746 3055 805 3105 pro:
831 3044 874 3090 hac
890 3046 970 3092 dieunt
984 3048 1111 3105 naturale,
1127 3055 1155 3093 et
1171 3038 1308 3095 relettmd

146 3104 313 3155 scribendum.
357 3106 428 3165 Quae
452 3104 517 3153 ratio
540 3104 581 3153 vix
607 3105 720 3172 cuiquam
745 3110 942 3169 aspritudiurruf‘
956 3138 990 3147 —
1014 3110 1084 3170 „Sed
1099 3122 1153 3161 tum
1164 3110 1260 3171 dixerit,
1272 3108 1306 3157 'm-

144 3172 300 3235 probabitor.
333 3174 439 3222 Klolzlus
454 3170 561 3238 denique
576 3172 603 3221 in
619 3176 720 3234 Quaest.
745 3173 829 3239 quies,
849 3176 952 3231 Cicero,
969 3177 1171 3242 aegritudinem,
1193 3175 1306 3245 quaein

145 3237 213 3285 Tull.
232 3254 256 3301 p.
271 3239 314 3287 ttt
327 3255 364 3303 sq.
389 3239 529 3289 orationem
550 3233 719 3294 dimituntur
744 3240 841 3290 subluto
856 3253 930 3295 esset.
946 3242 1021 3293 licere
1033 3244 1085 3294 diei
1097 3246 1244 3301 naturalem,
1258 3258 1306 3293 ¹¹¹⁰·

145 3315 200 3348 esse
225 3311 338 3352 statuens
365 3305 426 3355 nihil
453 3306 598 3357 mutandum
625 3319 719 3369 censet,
744 3306 779 3357 do
796 3324 847 3357 nou
864 3309 1004 3375 appelletur
1021 3311 1169 3377 aegritudoe
1192 3323 1263 3379 etque
1276 3310 1306 3357 itu
1352 3322 1355 3329 ·

144 3365 221 3415 serbe
238 3378 321 3418 eutem
339 3376 361 3419 el
376 3376 397 3421 si
413 3376 498 3435 siuprd.
517 3384 564 3423 etc.
581 3375 617 3424 sic
638 3374 719 3425 inter·
744 3374 924 3440 aegritudinem
941 3378 1043 3427 vocabit
1062 3378 1106 3439 id,
1131 3395 1147 3428 e
1182 3394 1215 3429 uo
1229 3378 1306 3427 abesa
1353 3412 1355 3417 -

144 3433 279 3495 pretends:
305 3441 326 3485 et
342 3440 363 3485 si
377 3442 484 3500 mapulas
500 3456 538 3490 res
556 3447 662 3503 propriis
678 3458 719 3493 ra·
745 3458 834 3491 nomen
852 3442 914 3492 illud
932 3442 1001 3494 velit.
1035 3444 1087 3495 Sed
1102 3454 1200 3497 noenta
1213 3453 1305 3493 estur·-

141 3499 243 3548 tlouidus
274 3508 328 3551 suat
359 3508 480 3555 euraudus
511 3512 720 3571 musolnndarpue,
744 3509 895 3574 gustandum
913 3510 1029 3561 similiter
1044 3513 1113 3563 enim
1125 3510 1200 3561 Anti.
1216 3504 1303 3569 ltili:

143 3561 199 3609 velt
226 3572 247 3613 et
268 3582 420 3628 quaeeunque
438 3586 476 3621 res
495 3577 603 3635 siapulue
619 3580 719 3638 siugulis
745 3576 856 3643 reliquus
878 3577 999 3638 virtutes,
1035 3594 1137 3647 quarum
1164 3594 1218 3627 esee
1243 3573 1305 3626 nulle

140 3631 336 3707 mmmm
351 3640 424 3691 ‘stul
745 3653 844 3707 potest,
862 3642 909 3693 uisi
926 3644 973 3694 erit
987 3646 1114 3709 gratuita,
1130 3662 1189 3697 nam
1204 3660 1305 3713 quae-

192 3696 302 3744 aluums
316 3696 386 3761 exst]
403 3697 445 3748 sie
460 3702 548 3765 scripsi
562 3720 577 3752 e
593 3706 659 3755 coni.
674 3711 718 3755 Er·
743 3710 874 3775 voluptate
887 3710 920 3761 ad
934 3712 1046 3762 ollicium
1059 3712 1205 3780 impellitur,
1220 3730 1249 3763 ea
1259 3724 1304 3759 non

140 3765 217 3824 nerlii,
234 3760 340 3828 probata
352 3763 509 3827 ll'eseaberpto
523 3768 575 3817 Em.
586 3770 617 3816 ll.
632 3771 717 3885 pili,
742 3783 781 3821 eet
794 3776 886 3836 virtus,
903 3777 948 3828 sed
964 3778 1041 3829 fallax
1054 3779 1165 3831 imitatio
1177 3776 1304 3831 amuda·

141 3846 189 3897 pro
205 3831 310 3881 aliunde.
343 3830 474 3881 Sententia
495 3831 560 3881 enirn
583 3843 621 3883 est
657 3852 715 3886 aec:
741 3853 790 3904 que
813 3842 920 3896 virtutis.
955 3843 988 3895 de
1014 3847 1096 3898 Dirin.
1113 3850 1141 3911 l,
1158 3850 1208 3901 5⁰:
1233 3842 1303 3897 Muli!

140 3901 163 3948 η·
178 3902 231 3962 prm
246 3913 311 3949 error
336 3896 371 3964 lh.
387 3914 409 3946 e.
431 3898 452 3947 si
475 3916 523 3965 quo
547 3900 632 3968 opinio
655 3903 714 3952 mali
739 3906 829 3957 medici
847 3912 1032 3976 praesentiente
1056 3914 1104 3965 sed
1121 3915 1216 3965 nnllam
1229 3926 1303 3965 eoru
1351 3934 1354 3953 ¹

138 3965 402 4093 ttttllutl't
417 3966 713 4103 ttrltlttitltt}
738 3970 1303 4101 llllttttdtttttllmi‘lltat
1332 4058 1353 4067 -·

137 4092 242 4172 singulis
258 4070 340 4162 tebni)
357 4070 459 4163 sustitit,
476 4052 634 4179 pliilosoplriu
652 4122 712 4170 pro-
738 4106 773 4157 hit
789 4109 840 4160 tale
850 4112 889 4161 vel
903 4113 995 4163 nullum
1005 4061 1301 4183 ωΙοιηῃέοηιωιμΜ·
1350 4110 1353 4115 ’

137 4176 205 4225 praua
223 4165 407 4217 corusolutioues
427 4168 542 4228 adhibet,
570 4171 606 4219 uti
628 4175 713 4223 madias·
736 4175 831 4227 sionem
850 4196 913 4229 voco
930 4180 1133 4232 divinationem“
1151 4194 1211 4233 neu.
1239 4180 1300 4240 ΠΨ·

136 4229 249 4277 masaa
264 4234 336 4280 elium
354 4240 461 4297 parti,
478 4240 499 4286 si
516 4239 647 4300 condoluit,
664 4254 712 4288 me·
736 4245 799 4294 kens.
833 4249 934 4296 Orellius
950 4249 1045 4313 recepit
1061 4250 1167 4315 quidem
1184 4248 1300 4301 nanim

134 4294 233 4372 drutus..
266 4295 303 4344 lle
316 4300 416 4377 aliunde
428 4311 454 4349 et
469 4304 579 4354 munatio
592 4304 619 4353 in
636 4305 710 4355 codd.
736 4326 788 4359 ram
806 4312 924 4371 Bentleii,
943 4324 1031 4391 postea
1047 4326 1134 4367 autem
1148 4318 1183 4369 ad
1200 4314 1301 4368 maimo

135 4360 246 4411 confusus
262 4378 288 4409 v.
305 4361 339 4410 ud
358 4365 375 4411 l.
393 4365 442 4424 ¹23,
457 4368 499 4417 53.
735 4377 882 4442 scripturum
899 4380 982 4430 reduit.

185 4431 282 4505 siquid
303 4432 451 4508 tenebrantem
467 4436 562 4499 offudit]
589 4437 621 4486 N.
640 4439 670 4487 l).
690 4442 708 4489 l.
785 4448 847 4503 quod
864 4462 917 4495 mam
935 4453 1052 4510 saplentiu
1069 4466 1119 4501 esse
1135 4450 1300 4514 motat-M·

134 4495 166 4557 3,
183 4498 213 4549 l).-
237 4512 302 4563 quae
317 4496 397 4546 lucem
415 4510 522 4565 eriperet
538 4512 564 4551 et
580 4505 650 4570 quasi
666 4522 709 4556 rso-
735 4512 808 4557 ditare
824 4535 857 4547 -
872 4514 955 4580 possit]
982 4517 1010 4564 V.
1029 4516 1080 4575 ti,
1098 4518 1149 4569 titt:
1165 4522 1233 4579 .an
1249 4528 1299 4566 tan·

133 4571 192 4616 elem
217 4563 341 4633 quandum
362 4565 435 4615 rebus
460 4570 597 4630 offunderet.
639 4574 707 4624 lnlra
734 4574 792 4625 dem
807 4575 883 4641 igitur
899 4581 991 4645 gaudio
1008 4583 1077 4633 attici
1093 4602 1199 4636 neceam
1214 4594 1251 4637 est
1264 4598 1300 4634 st-
1349 4600 1354 4621 -'
