2946 5550
149 312 213 381 395
606 322 779 373 unsrun.
796 320 829 381 s,
847 319 870 371 s.

150 449 193 511 rei
210 446 380 528 cognitione
398 444 455 505 hee
476 441 702 525 pulcherrimum
723 460 831 502 nomeu
849 438 924 522 apud
944 438 1078 521 antiquos
1098 438 1329 519 assequebatur.

150 555 251 639 ltaque
272 565 302 616 et
318 555 382 616 illos
399 563 529 636 septem,
562 549 610 634 qui
637 568 653 610 a
678 547 805 611 Graecis
823 549 930 626 σοφοί,
961 548 1111 630 sepientes
1128 568 1145 608 a
1166 548 1331 610 nostriset

149 665 333 728 habebantur
349 673 379 725 et
397 660 634 737 nominabantur,
659 669 689 721 et
708 658 805 719 multis
820 668 887 719 ante
905 656 1014 719 seculis
1029 654 1222 741 Lycurgum,
1247 658 1331 720 cuins

150 774 330 857 temporibus
349 770 498 833 Homerus
515 769 601 831 etiam
620 767 712 829 fnisse
729 778 798 828 ante
814 766 889 828 hane
902 763 1011 830 Urbem
1026 766 1173 829 eorrditam
1189 766 1327 843 traditur,

123 883 124 887 ’
149 893 178 945 et
201 883 281 944 inm¹
307 879 434 943 heroicis
452 879 597 940 aetatibus
617 875 759 940 Ulixem²
781 887 810 938 et
822 874 984 938 Nestorem
1005 875 1173 958 acecpimus
1191 888 1223 938 et
1238 875 1328 939 luisse

149 1002 178 1055 et
192 990 306 1053 habitos
320 1009 387 1051 esse
400 989 560 1071 sapientes.
606 994 638 1047 8.
664 983 730 1047 Nee
745 1005 815 1046 vere
832 984 942 1046 ΑιΙινε1
958 985 1106 1047 sustinere
1119 985 1249 1061 eaelum,
1271 1005 1326 1048 nce

149 1098 345 1163 Prometheus
369 1100 474 1160 allinus
489 1093 645 1171 Caneaso,
679 1115 734 1156 nec
751 1093 884 1156 stellatus
900 1090 1037 1176 Cepheus
1054 1114 1119 1155 eum
1135 1114 1250 1172 tinore,
1274 1114 1327 1177 ge-

150 1228 241 1287 nero,
272 1208 329 1270 [ilia
346 1207 527 1281 traderetur,
559 1205 615 1267 nisi
639 1203 811 1266 caelestium
828 1203 927 1264 diviua
951 1202 1081 1285 cognitio
1098 1222 1207 1266 nomen
1226 1223 1328 1267 eornm

150 1317 185 1380 sd
206 1336 339 1379 errorem
364 1316 480 1377 fabulae
502 1314 696 1377 traduxisset.
742 1312 897 1396 A'quibus
918 1312 1021 1376 dueti⁴
1047 1312 1187 1396 deinceps
1208 1334 1326 1391 omues,

150 1427 198 1509 qui
220 1426 249 1488 in
270 1446 370 1488 rerum
388 1424 637 1506 contemplatione
659 1422 755 1486 studia
771 1422 935 1506 ponebant,
964 1421 1114 1506 sapientes
1129 1432 1161 1484 et
1180 1421 1328 1485 habeban-

151 1546 198 1598 tur
212 1545 242 1598 et
263 1533 507 1611 nominabantur,
536 1533 624 1615 idque
638 1552 741 1594 eorum
762 1550 869 1594 nomen
891 1531 1034 1613 usquead
1053 1526 1245 1614 Pythagorae
1266 1550 1326 1594 ma·

151 1645 232 1707 navit
250 1654 395 1720 aetatem,
420 1662 524 1723 quem,
552 1651 586 1702 ut
600 1640 702 1703 scribit
720 1639 838 1702 auditor
850 1636 1009 1717 Platonis,
1034 1636 1175 1702 Pontinus
1189 1638 1326 1703 Heracli·

150 1753 221 1829 des,
252 1756 297 1815 vir
314 1751 418 1812 doctus
436 1749 466 1812 in
489 1748 608 1833 primis,
635 1744 803 1811 Phliuntem
824 1750 922 1811 lerunt
940 1748 1077 1828 venisse,
1109 1767 1230 1830 eumque
1255 1768 1323 1811 eum

219 1929 261 1983 ttt.
301 1926 311 1976 1
332 1925 373 1975 Sic
397 1942 443 1992 pro
460 1926 526 1992 vulg.
550 1930 621 1976 etlam
635 1922 722 2004 scripsi
746 1941 777 1974 ex
802 1927 844 1974 Or.
861 1922 1032 1987 correctione,
1058 1940 1132 1990 quam
1157 1924 1325 1990 probaverunt

149 1996 232 2054 Mon,
250 1996 300 2055 Tr,
319 1993 401 2042 Klio
417 1992 483 2042 Add.
518 1991 601 2042 Etiam
617 1992 734 2058 repetitio
749 1990 864 2041 vocabuli
880 1995 951 2041 etiam
966 1990 1080 2040 offendit.
1114 1989 1190 2040 tsic
1203 1994 1247 2043 01.
1264 1992 1322 2042 eli.

147 2063 177 2127 P.
192 2061 258 2112 Gnd.
278 2060 301 2111 1.
318 2064 349 2111 tt.
368 2060 392 2109 b.
409 2059 512 2127 aliisque
529 2076 574 2125 pro
591 2063 703 2121 messem.
743 2058 761 2110 3
778 2061 822 2109 Tr.
838 2075 852 2106 e
869 2059 899 2109 n.
917 2068 943 2108 ct
958 2059 984 2111 P.
1001 2061 1099 2109 Atlans:
1123 2058 1214 2108 eodem
1231 2058 1323 2110 dueum

149 2130 243 2180 attatum
265 2128 292 2177 in
309 2127 394 2177 Duisb.
418 2137 444 2175 et
460 2127 618 2179 alhaldusin
641 2123 763 2185 Gnd.1.,
789 2124 873 2174 medio
895 2141 912 2174 u
926 2124 1025 2193 punctis
1044 2134 1143 2175 notato.
1178 2123 1325 2177 trusum

149 2196 214 2245 mole
232 2194 297 2244 coni.
315 2198 392 2256 deetl;
409 2211 467 2242 num
484 2197 550 2243 dmtt
567 2202 605 2242 est
620 2197 664 2242 orti
673 2228 681 2254 ,
697 2195 804 2255 profesti.

199 2292 296 2358 septem]
315 2292 385 2352 Bias,
404 2292 493 2354 Chilo,
512 2291 651 2354 Cleobulus,
668 2291 725 2341 Pit·
750 2291 833 2341 licitus
860 2310 915 2342 csse
935 2309 963 2341 se
985 2292 1144 2342 traditurum.
1179 2292 1221 2343 Cl'.
1240 2292 1322 2351 lll.8,

147 2370 232 2420 tecm,
251 2358 400 2421 Periander,
419 2360 496 2423 Solo,
514 2358 615 2411 Thales.
753 2358 797 2410 16:
826 2374 930 2422 sumque.
955 2361 986 2409 V.
1002 2358 1033 2421 3,
1049 2367 1076 2411 ts.
1101 2359 1131 2418 6,
1152 2359 1191 2411 17.
1220 2359 1266 2420 13,
1282 2360 1321 2413 dd·

198 2426 293 2494 seculis]
320 2464 338 2492 ,‚
346 2432 461 2493 γενεαῖς,
491 2424 725 2478 Menschenslter.“
751 2426 781 2476 V.
799 2443 844 2476 nos
860 2425 885 2477 in
901 2427 946 2475 Gr.
962 2427 993 2476 L.
1011 2428 1033 2492 p.
1048 2424 1102 2484 tte.
1120 2422 1160 2477 tt.
1186 2426 1266 2477 Exetn
1283 2427 1323 2477 lo-

151 2497 219 2557 Wolf.
748 2510 803 2542 rum
819 2493 879 2542 sutis
893 2493 987 2558 largum
1002 2502 1113 2558 segetem
1129 2495 1238 2561 suppedi

199 2563 324 2626 ilumerus]
347 2563 484 2612 Homerum
501 2561 630 2641 aequalem
647 2560 724 2609 fuisse
751 2562 873 2622 Wopkens.
887 2559 1045 2611 Lectt.Tnll.
1060 2561 1079 2619 l,
1093 2560 1131 2611 ts.
1166 2558 1281 2629 uterq.
1291 2561 1322 2611 ll.

148 2628 273 2696 Lycurgi,
308 2630 484 2679 nonnullorum
512 2630 559 2677 l'urt
587 2627 723 2693 antiquitus
749 2630 890 2678 Matthiuetts
912 2627 945 2676 ud
968 2644 1004 2676 or.
1030 2643 1077 2692 pro
1101 2633 1136 2676 Ar
1170 2626 1322 2685 .ΧΙΙ,31.

149 2695 242 2761 opinio.
275 2699 388 2745 Davisius
408 2696 482 2745 all'ert
500 2696 616 2745 strubon.
634 2696 677 2755 X,
695 2691 721 2745 4.
748 2696 900 2756 Stttreuburg.
913 2694 945 2744 ad
961 2693 1033 2744 eund.
1044 2693 1093 2743 loe.
1108 2712 1134 2761 p.
1147 2692 1202 2745 tut.
1223 2698 1324 2747 omens

147 2777 174 2827 p.
187 2761 244 2813 t3tt.
280 2761 405 2810 Plutarch.
423 2764 531 2828 Lycurg.
551 2779 575 2826 p.
587 2761 628 2813 39.
749 2760 800 2809 licl-
821 2761 872 2809 cic.
898 2776 924 2826 p.
940 2760 998 2814 317.
1033 2763 1109 2811 Kritz.
1133 2760 1167 2811 ad
1190 2762 1252 2814 salt
1271 2765 1321 2829 lug.

199 2827 257 2891 titi.
283 2830 329 2878 b'sc
343 2843 396 2876 vero
413 2829 488 2893 Attus]
508 2828 636 2877 Sententia
651 2827 722 2877 lmim
750 2827 789 2886 ct,
804 2829 829 2877 Ξ).
847 2829 937 2894 peto.
965 2827 1088 2894 Imprimis
1104 2828 1231 2895 frequens,
1247 2828 1321 2879 immo

147 2893 198 2944 loci
213 2893 274 2943 haec
293 2903 345 2942 est:
372 2894 458 2957 Atlas,
478 2895 652 2952 Prometheus,
672 2895 721 2943 Ce-
747 2893 858 2958 legitima
869 2907 907 2945 est
919 2895 1128 2946 haecatrueturae
1138 2897 1245 2947 mutatio
1256 2895 1320 2964 apud

147 2961 226 3028 pluens
251 2970 356 3027 propter
374 2959 483 3011 divinam
501 2979 549 3028 qua
566 2960 722 3011 excellebant
747 2961 857 3011 Graecos
883 2964 1026 3029 scriptores.
1068 2962 1138 3012 llind.
1163 2965 1191 3025 l,
1210 2963 1258 3017 76:
1285 2957 1320 3023 ’ὃς

146 3046 227 3079 rerum
245 3028 421 3094 cognitionem,
439 3028 507 3093 digni
523 3037 602 3087 erent,
620 3029 662 3094 qui
678 3046 721 3077 sa·
748 3027 815 3093 μέγα
834 3026 933 3082 πάντων
948 3025 1070 3096 Ἀργείων
1088 3029 1206 3096 κρατέει,
1232 3032 1276 3083 utel
1292 3032 1319 3083 el

146 3097 244 3163 pientes
254 3095 453 3162 appellarentur3
471 3096 516 3145 aed
526 3096 655 3145 vetustatis
665 3106 720 3144 stu·
747 3101 804 3160 (pro
821 3095 866 3148 stul
883 3089 917 3164 qil
934 3097 1062 3150 πείθονται
1075 3092 1182 3164 Ἀχαιοί
1210 3098 1251 3149 cl.
1265 3102 1319 3149 lla·-

147 3163 190 3213 dio
216 3180 255 3213 res
277 3165 451 3214 memorabiles
469 3163 559 3213 fabulis
576 3162 720 3213 involvendi
745 3178 827 3213 manu.
844 3163 876 3212 nd
894 3165 976 3230 Viger.
995 3181 1019 3230 p.
1032 3164 1090 3216 701.
1101 3174 1140 3212 -et
1162 3180 1209 3215 ner
1233 3166 1259 3214 in
1277 3166 1318 3215 Gr.

147 3231 315 3295 factumest,
341 3241 369 3278 ut
386 3248 436 3281 non
453 3230 602 3297 sapientium
620 3230 721 3279 nomine
747 3230 791 3279 Gr.
809 3232 840 3279 Τ.
856 3233 885 3281 ll.
908 3235 930 3300 §-
946 3229 1003 3283 799.
1029 3248 1053 3296 p.
1068 3226 1229 3284 525-527.
1265 3232 1318 3298 (Gr.

145 3295 321 3351 afficerentur.
346 3298 391 3347 sed
407 3299 473 3348 inter
493 3298 573 3347 sidem
593 3297 720 3346 referren-
745 3295 825 3346 schol.
845 3301 867 3364 §-
882 3299 951 3357 :taut

147 3372 196 3411 tur.
233 3363 272 3414 cf.
291 3363 345 3414 lud.
366 3364 453 3415 histor.
478 3382 501 3415 v.
519 3368 598 3425 Attus,
622 3367 720 3414 Prome·
774 3367 952 3442 ¹rutlnn'rqtnrn]
980 3365 1090 3415 Verbum
1107 3368 1249 3417 admirandi
1272 3365 1319 3416 du-

145 3432 721 3564 ll‘ttnttlttnfitttt'tlt'ltltlt
745 3428 1318 3562 tlttt.'t¹t.tl.“l⁶l.lt⁰.¹t.⁰t..⁹t⁰tt

146 3558 287 3622 74-76..
314 3582 328 3612 n
352 3569 441 3615 Mosero
474 3565 603 3620 laudatus,
638 3573 719 3613 totum
742 3570 862 3626 quostiam
881 3578 954 3627 qurum
970 3566 1105 3617 ttdrtlrutur
1121 3573 1181 3616 esset
1197 3569 1260 3618 hou
1280 3576 1319 3619 ert

145 3626 178 3675 dc
195 3629 295 3702 Atlante
314 3629 424 3679 lubulem
441 3640 580 3695 pertractat
595 3628 719 3697 docetque
744 3642 871 3681 nostrum:
890 3635 1047 3695 hemardum·
1063 3644 1116 3683 tum
1130 3633 1158 3682 in
1174 3634 1211 3684 his
1224 3634 1315 3683 serbist

147 3694 182 3758 (ρ.
199 3694 286 3754 ortt,
313 3704 372 3742 ante
391 3694 536 3771 Ciceronem
555 3696 680 3746 Atlantem
703 3717 718 3747 a
744 3697 1136 3751 admiratnrnuouitutsmuemiuts
1149 3710 1317 3751 atumem:

146 3759 216 3811 nullo
224 3758 375 3826 astrologum
385 3761 461 3809 fuisse
469 3763 644 3821 existimatum,
660 3774 719 3828 post
742 3767 793 3831 siclt
807 3771 863 3816 tiber
877 3771 955 3817 ntum
965 3770 1130 3817 utrwuudern.
1158 3767 1224 3816 llaec
1236 3767 1315 3817 ultera

147 3826 292 3879 Ciceronem
308 3828 432 3906 saepius·
513 3893 519 3906 .
644 3888 647 3893 Ι
745 3831 898 3908 significatio
906 3833 988 3883 rarior
1002 3844 1049 3889 est,
1066 3851 1141 3899 qnam
1155 3834 1204 3884 illa.
1227 3832 1270 3883 ete
1282 3833 1316 3883 ud

195 3897 309 3966 stellatus]
327 3913 406 3963 „pret
423 3894 580 3945 rutersrdera
590 3894 682 3945 relatus
694 3904 720 3945 et
746 3903 821 3947 attic.
834 3902 889 3959 th,
904 3899 933 3951 9:
953 3900 1088 3950 admiratus
1103 3918 1158 3951 curn
1172 3901 1318 3953 brevitatem

145 3963 212 4013 sidus
229 3965 325 4026 fuctus,
350 3966 501 4014 Graecorum
519 3978 602 4022 more,
630 3963 718 4030 quibus
744 3964 938 4029 epistolaetnae.
957 3967 1116 4018 cunctarer.
1126 3968 1322 4035 neumepstt.

144 4028 195 4078 hee
207 4031 329 4095 siguificat
343 4031 580 4097 aarumsptebtltf‘
600 4034 720 4082 Tmushut
744 4041 769 4079 et
785 4036 938 4084 llutthiueustt
951 4032 985 4083 ad
1000 4032 1037 4084 ori
1054 4051 1103 4099 pro
1116 4036 1145 4085 Ρ.
1157 4034 1227 4087 setta
1236 4033 1316 4095 lll,9·

145 4093 341 4159 anementh,
363 4100 400 4150 lli.
743 4098 904 4150 Substantivo
936 4104 1070 4151 muniente
1095 4100 1314 4167 (Verwuademgl

196 4163 341 4229 lleruelidesl
360 4169 390 4214 V.
410 4165 488 4216 lndi'c.
504 4165 563 4215 hist.
742 4167 819 4215 semel
835 4177 932 4217 tantum
948 4168 980 4217 de
998 4167 1079 4217 Diria.
1095 4170 1128 4220 ll.
1143 4170 1187 4231 22,
1205 4169 1246 4223 19.
1261 4184 1315 4219 ιω

194 4231 301 4294 tumque]
323 4232 389 4281 tttttt
407 4251 469 4299 opus
487 4242 526 4283 eet
544 4248 599 4281 cum
615 4231 717 4281 Darisio
744 4242 790 4294 est,
810 4234 835 4282 in
851 4235 940 4283 ceteris
955 4234 1017 4284 locis
1031 4250 1130 4301 semper
1145 4239 1316 4289 Mutlrmioedt.

143 4293 240 4373 legere:
258 4299 347 4347 verumne
361 4313 460 4360 cumque
475 4303 567 4350 Leonta
593 4298 718 4348 Constru·
776 4301 1318 4369 uovtmnmuomtuts]ttiog.t.sere.t²meem

143 4370 195 4412 etto
210 4361 314 4412 relatiua
328 4364 426 4413 transiit
441 4365 466 4414 in
487 4365 716 4416 demonstrativam.
745 4369 767 4429 β.
781 4367 826 4416 12:
850 4370 940 4435 φιλοσο
962 4369 1001 4420 lat
1025 4367 1056 4421 db
1078 4370 1182 4435 πρῶτος
1203 4367 1320 4437 ὀνόμασι

143 4427 175 4478 de
190 4431 266 4507 Orat.¹
279 4432 307 4479 ll.
326 4427 367 4487 71,
384 4429 448 4481 299:
470 4430 666 4491 Themistocles,
684 4437 718 4483 ad
743 4432 901 4501 Πυθαγόρας
916 4386 961 4488 sarth
975 4432 1063 4488 haurds
1079 4435 1221 4504 φιλὲσοφον
1236 4437 1262 4491 ἓν
1275 4438 1320 4490 Σι-

142 4510 210 4575 quem
226 4496 325 4563 quidam
342 4496 431 4546 doctus
447 4498 522 4548 homo
538 4526 570 4536 -
586 4502 718 4552 accessisse
743 4502 822 4554 κυῶνι
840 4502 1019 4568 διαλεγόμενος
1035 4503 1139 4568 Λέοντι,
1163 4508 1202 4574 τῷ
1219 4506 1321 4561 Σικυω-

142 4563 248 4630 drmtur,
275 4568 339 4629 eique
356 4575 435 4615 artem
456 4565 590 4617 memoriae
609 4596 640 4607 ·-
658 4569 717 4636 pel·
742 4567 801 4621 otuu
818 4566 931 4636 τυράννῳ
948 4563 967 4634 ἦ
986 4568 1134 4637 Φλιασίων,
1157 4572 1228 4627 seced
1246 4572 1322 4639 φησιν
