2888 5512
137 686 201 755 lut
562 688 690 747 elena
706 696 736 745 u.
753 688 801 754 ao,
822 690 876 744 toa.

136 822 225 900 bulis,
248 818 357 902 †ludis
371 820 434 900 †⁸.
481 811 514 878 Si
533 814 679 898 quiscat,
703 813 753 897 qui
773 813 817 875 bis
832 811 1006 889 delectetur,
1030 830 1130 873 nonne
1146 808 1256 873 melius
1268 819 1308 873 te·

137 952 211 996 noes
228 929 361 993 honines
376 929 521 1002 fruuntur,
546 946 631 1008 quam
646 925 699 1003 illi,
724 925 771 1006 qui
786 922 830 985 bis
844 922 1009 985 abundant?
1039 919 1097 984 Est
1113 921 1195 984 enim
1208 941 1305 984 eamn

137 1063 235 1105 rerum
253 1039 405 1104 omnium⁴
424 1037 454 1099 iu
470 1046 570 1098 nostra
586 1033 685 1098 urbe⁶
702 1055 815 1097 summa
830 1033 860 1094 iu
877 1031 990 1114 publico
1009 1031 1107 1116 copia.
1157 1028 1243 1113 Quae
1256 1029 1305 1115 qui

138 1152 266 1238 privati⁶
290 1150 414 1227 habent,
446 1167 500 1209 neo
525 1157 581 1208 tam
605 1146 695 1208 molta
716 1154 746 1207 el
771 1164 839 1206 raro
861 1144 976 1221 vident,
1008 1165 1095 1226 quum
1116 1143 1147 1205 in
1169 1162 1304 1205 suarum
1341 1154 1343 1159 '

138 1265 330 1339 veneruut⁶3
354 1280 428 1343 quos
446 1269 541 1320 tamen
558 1257 659 1341 pungit
672 1256 796 1339 aliquid,
821 1276 920 1337 quum,
944 1253 992 1316 illa
1007 1254 1084 1315 unde
1100 1252 1236 1331 babeant,
1255 1273 1301 1316 re-
1340 1302 1343 1313 .

140 1374 310 1436 cordantur.
356 1367 429 1433 Dies
450 1367 601 1445 deliciat⁷‚
632 1367 657 1429 si
677 1367 763 1429 velim
778 1364 956 1450 paupertatis
976 1384 1113 1427 caussam
1137 1365 1299 1427 defendere.
1340 1376 1343 1417 t

140 1484 254 1568 Aperta
272 1481 350 1544 enim
374 1500 422 1542 res
444 1489 507 1555 est,
542 1488 571 1540 et
592 1476 719 1560 quotidie
742 1497 796 1540 nos
823 1476 885 1560 ipsa
911 1486 1013 1538 natura
1032 1474 1194 1552 admonet,
1224 1494 1305 1558 quam
1341 1516 1343 1557 ;

141 1593 257 1679 paucis,
282 1613 366 1675 quam
389 1588 488 1674 parvis
510 1588 598 1651 rebus
621 1597 725 1671 egeat,
749 1608 834 1670 quam
855 1586 973 1649 vilibus.

225 1698 380 1766 XXXVl.
424 1708 496 1763 tus.
517 1696 599 1761 Num
623 1697 712 1781 igitur
732 1695 898 1781 ignobilitas
913 1706 964 1759 aut
979 1696 1129 1758 humilitas
1154 1696 1301 1759 autetiam
1340 1710 1343 1715 '

141 1814 288 1900 popularis
304 1810 428 1875 offensio
451 1810 613 1894 sapientem
633 1809 749 1871 beatum
762 1827 829 1871 esse
850 1806 1033 1891 prohibebit?
1062 1804 1161 1883 Vide,
1190 1827 1227 1869 ne
1240 1804 1301 1891 plus

142 1922 353 1988 commendatio
367 1921 397 1984 iu
410 1922 515 2005 vulgus
528 1931 558 1982 et
572 1919 644 1981 baec
659 1940 733 2002 quae
749 1919 897 2002 expetitur
909 1916 1004 2002 gloria
1017 1916 1173 1980 molestiae
1191 1916 1302 1994 babeat,

143 2057 228 2118 quam
248 2032 416 2117 uoluptatis.
461 2029 622 2093 Leviculus
641 2049 713 2092 sane
736 2039 837 2091 noster
856 2027 1094 2106 Demosthenes,
1124 2028 1176 2111 qoi
1195 2027 1242 2091 illo
1254 2047 1302 2089 su·

208 2243 224 2297 3
242 2262 266 2294 r.
282 2243 347 2293 Adn.
388 2242 405 2293 4
422 2243 464 2292 Sic
482 2245 524 2292 Or.
541 2260 561 2291 c
580 2242 608 2291 ll.
623 2242 650 2292 P.
668 2241 734 2291 oud.
752 2241 775 2291 l.
791 2242 822 2291 ll.
840 2240 984 2309 bellisque
1002 2256 1047 2307 pro
1064 2239 1132 2305 vulg.
1147 2244 1249 2290 onmium
1262 2253 1303 2288 re-

141 2330 203 2365 nau.
237 2313 253 2363 5
271 2330 294 2362 r.
310 2310 373 2362 adu.
415 2307 433 2361 6
451 2309 492 2361 Sic
510 2310 597 2370 codd.;
615 2308 661 2360 sed
677 2308 734 2360 edd.
753 2318 815 2361 vett„
831 2319 930 2376 praeter
946 2310 973 2360 Ρ.
991 2325 1079 2358 omnes
1095 2317 1155 2358 aute
1169 2306 1245 2358 Gebb.
1257 2320 1300 2357 vt·

141 2386 225 2433 attiuh
258 2380 340 2439 Male3
358 2397 381 2432 u.
396 2377 429 2429 ud
445 2380 475 2431 ll.
491 2375 540 2440 Ἡ,
558 2375 599 2429 58.
634 2374 650 2428 7
668 2395 691 2426 v.
710 2377 774 2428 adn

142 2500 234 2560 credo,
251 2498 364 2559 tabulas,
380 2496 453 2547 ludos
469 2497 592 2563 parandos
609 2495 710 2545 deside-
734 2495 826 2562 quippe
841 2494 1058 2562 quilientleiansm
1074 2491 1298 2545 coniecturumma-

142 2579 227 2618 runtur
251 2566 360 2614 divitiae.
399 2567 492 2626 ll'olplus
516 2564 562 2613 hos
587 2562 708 2613 ablativos
734 2563 798 2611 xime
817 2563 971 2630 plausibilem
988 2562 1137 2613 existimem.

142 2645 215 2702 aptos
233 2650 286 2681 esse
302 2642 373 2698 putat
389 2648 402 2680 e
418 2648 470 2697 seq.
481 2635 609 2681 delectetur.
634 2635 709 2693 sipon
785 2636 809 2680 a'n
826 2638 905 2682 aoslru
921 2631 987 2698 urbe]
1014 2631 1056 2680 Sic
1072 2649 1094 2682 c.
1111 2628 1204 2696 Tregd.
1220 2628 1301 2695 scripsi

142 2712 198 2749 sunt
215 2710 318 2748 statuae.
348 2701 384 2747 De
402 2698 497 2748 ironico
512 2702 581 2749 credo
591 2715 665 2765 supra
677 2698 709 2748 ad
735 2716 749 2747 e
767 2700 848 2749 Woll.
867 2700 939 2759 coni,
958 2716 1021 2766 quae
1038 2698 1202 2749 confirmatur
1218 2716 1231 2747 a
1248 2695 1303 2746 cod.

143 2772 161 2821 l.
178 2770 225 2826 tt,
243 2769 284 2817 d'l.
308 2766 419 2816 diximus.
457 2769 518 2816 Ludi
540 2785 554 2816 a
580 2766 710 2816 bouhierio
735 2766 809 2817 vind.
826 2771 847 2817 l.
871 2770 912 2816 0r.
930 2786 950 2817 c.
966 2766 1078 2834 plurimis
1095 2766 1171 2817 codd.
1193 2764 1303 2832 optimis-

142 2835 312 2901 intelliguntur
335 2838 386 2884 ludi
406 2837 558 2898 plantatoris,
582 2835 672 2885 rectius
695 2852 710 2884 a
735 2846 831 2901 que,ut
848 2835 985 2886 ll.P.Gud.
1000 2838 1020 2885 l.
1039 2833 1302 2901 (pemmonem)

144 2903 240 2954 Wolfio
254 2906 305 2952 todo·
320 2907 414 2967 publici.
442 2907 473 2952 ht
488 2903 634 2953 vocabulum
649 2905 711 2952 ludis
738 2901 803 2952 Gud.
814 2904 844 2951 ll.
862 2902 885 2952 b.
900 2915 925 2952 et
939 2902 997 2952 edd.
1007 2913 1068 2952 vett.
1080 2904 1105 2953 Ρ.
1117 2903 1148 2951 Ι]-
1165 2913 1192 2951 et
1207 2901 1301 2951 eduet.

143 2972 211 3021 varie
234 2990 248 3021 a
273 2972 327 3020 VV.
346 2972 398 3020 bt).
422 2969 582 3020 sollicitatum
605 2981 643 3021 est
666 2988 712 3020 nec
738 2970 813 3019 Buulr.
833 2970 911 3020 edidit
936 2978 1015 3021 codro
1035 2974 1092 3019 urbe
1118 2971 1184 3034 [sine
1200 2972 1232 3029 isal
1255 2984 1301 3035 pro

143 3057 202 3089 sone
230 3038 346 3088 convenit
371 3055 425 3087 cum
448 3040 622 3104 sequentibus,
655 3055 710 3088 nom
736 3038 801 3104 vulg.
811 3045 889 3088 nostru
903 3043 928 3088 in
942 3041 1006 3088 urbe.
1033 3038 1151 3097 caussae,
1169 3041 1299 3089 corianu-

61 3104 67 3115 '
144 3123 224 3174 neque
242 3105 289 3154 dici
317 3116 401 3171 potest
424 3109 507 3155 babere
523 3110 605 3168 ludos,
631 3123 711 3173 ncque
735 3113 783 3156 stro
801 3110 855 3155 urbe
871 3106 1001 3171 legendum
1017 3123 1147 3165 censeam,
1172 3106 1218 3156 bae
1232 3114 1302 3154 sunt:

143 3174 233 3241 privati
250 3172 318 3221 ‹lomi
334 3172 406 3221 ludos
427 3173 595 3224 instituebant.
632 3175 709 3223 Porro
736 3174 841 3223 Primum
856 3174 949 3223 nullum
963 3193 977 3223 e
989 3173 1109 3223 Cicerone
1121 3173 1240 3239 exagitari
1253 3188 1301 3238 po-

142 3259 206 3310 qnae
222 3249 371 3308 sequuntur:
404 3247 425 3289 et
441 3255 512 3299 roro,
536 3257 607 3303 quum
624 3246 649 3290 in
666 3257 711 3290 suu
734 3252 783 3290 test
802 3242 940 3308 exemplum
957 3252 1044 3293 nostro
1062 3241 1198 3308 geminum.
1230 3242 1301 3290 noer

142 3326 201 3361 rura
217 3314 340 3370 uenerunt,
358 3306 464 3373 denique
478 3308 553 3358 verba
565 3313 650 3371 pumpil
664 3312 710 3358 oli·
735 3309 833 3376 quidem
848 3310 931 3359 attulit
948 3309 1001 3359 Lis.
1014 3310 1035 3369 l,
1044 3309 1091 3360 33:
1110 3327 1198 3361 carcer
1209 3309 1238 3359 ad
1247 3319 1299 3356 ter-

143 3382 209 3443 qutd,
227 3393 290 3443 qnae
300 3375 332 3425 dc
349 3376 463 3443 peculatu
478 3387 504 3426 et
519 3377 653 3441 sacrilegiis
664 3392 709 3426 ac·
735 3393 816 3427 rorem
838 3377 996 3428 increscentis
1012 3376 1130 3426 audaciae
1154 3380 1233 3428 medio
1247 3378 1300 3425 arbe

144 3443 402 3565 dll'dtttt‘ttl
416 3443 710 3564 ls‘l'dhhllht}
734 3444 1224 3563 *lt{tltlttdt‘lltlttebald*
1237 3458 1300 3562 ‘tt

143 3533 258 3632 Bentleiiis
268 3552 407 3630 acutissime
418 3580 549 3646 legendum
558 3550 708 3648 auspicatur:
735 3530 826 3631 blslt.
845 3584 873 3641 l,
891 3586 912 3631 l.
940 3583 981 3630 lll.
996 3581 1038 3643 22,
1057 3579 1100 3631 bl.
1128 3582 1160 3633 Υ,
1179 3529 1302 3639 ὃθῗοίΗζ

144 3654 232 3711 alpais,
257 3652 340 3711 credo,
368 3655 387 3698 el
407 3653 491 3697 tabulis
506 3653 588 3711 pictis,
615 3648 710 3699 collatis
734 3648 760 3697 ia
778 3648 865 3714 quibus
882 3648 941 3698 locis
963 3653 987 3699 ia
1005 3648 1066 3698 item
1083 3649 1159 3698 simili
1178 3665 1260 3698 caussa
1276 3646 1300 3695 in

144 3734 218 3781 quum
234 3716 288 3765 aliis
303 3716 372 3777 locis,
389 3726 442 3766 tum
457 3717 510 3765 his:
528 3717 560 3765 N.
574 3719 602 3765 l).
621 3718 645 3776 ¹2,
661 3714 709 3768 dl:
736 3717 834 3782 optimis
852 3716 924 3766 codd.
941 3715 1040 3766 excidit.
1078 3716 1117 3767 Cl.
1134 3716 1301 3767 iterantem.

145 3787 194 3845 Qui
207 3784 282 3849 igitur
297 3784 422 3843 convenit,
440 3788 533 3847 siphum
550 3796 591 3833 out
606 3788 711 3834 tobulom
735 3786 830 3851 1.p.1.
866 3784 927 3835 Loci
942 3796 1038 3839 autem.
1058 3784 1137 3852 qualis
1153 3784 1258 3835 cotLir.
1275 3781 1300 3840 3,

141 3856 230 3912 pletum
243 3869 317 3917 quum
330 3853 481 3918 adspexeris,
497 3852 561 3902 scire
574 3853 710 3903 adhibitam
735 3853 782 3902 bl:
801 3854 894 3909 „Porta
906 3852 1001 3903 Collina
1016 3853 1102 3903 urbem
1117 3853 1240 3903 intremere
1254 3850 1299 3899 snb

144 3935 197 3965 esse
211 3919 309 3968 artem?
329 3938 375 3985 pro
387 3923 549 3970 Rosedmer.
559 3919 633 3971 cdli:
650 3920 709 3987 quid
734 3919 808 3985 signis
823 3923 945 3983 medioque
960 3925 1017 3971 urbe
1033 3921 1130 3985 agmine
1152 3922 1176 3969 in
1194 3918 1294 3969 Arenti-

141 3987 259 4045 pictorum
292 3991 445 4037 tubulorum?
480 3988 537 4053 quid
569 3990 709 4051 simma?
734 4004 792 4037 num
810 3991 933 4054 pergunt·‘
959 3988 981 4037 ei
1008 3988 1070 4039 nihil
1094 3988 1167 4053 plane
1183 3986 1294 4053 probant.

144 4048 203 4117 (prid
221 4053 348 4099 mannonis
363 4054 429 4116 apud
445 4054 512 4103 illum
528 4056 619 4120 potatis
635 4054 707 4105 esse?
735 4056 837 4105 Constat
853 4056 918 4106 enim
936 4056 1011 4107 verba
1032 4060 1104 4107 eundi
1117 4072 1172 4107 cum
1186 4052 1295 4103 ablativo

143 4116 225 4167 Verba
242 4117 346 4167 PlCTlS
364 4129 388 4165 et
406 4120 502 4166 LVDlS
519 4122 591 4170 sacile
605 4123 670 4171 inter
681 4140 709 4171 se
734 4123 784 4172 eins
803 4123 860 4183 loci,
879 4141 923 4190 per
939 4141 1013 4190 quem
1029 4125 1083 4191 quis
1098 4123 1129 4178 it.
1147 4121 1212 4187 iungi
1223 4119 1296 4170 sole-

144 4186 264 4236 consuodi
282 4194 412 4254 poterant,
430 4184 538 4252 itemque
553 4190 596 4237 ET
609 4200 668 4237 anto
685 4191 708 4238 Τ
733 4208 768 4247 re,
788 4192 822 4239 uti
838 4192 862 4241 h.
872 4191 887 4239 l.
904 4199 971 4253 porto
981 4196 1072 4243 Collina
1082 4196 1193 4239 inimum
1205 4198 1233 4239 et
1245 4202 1298 4238 nte-

144 4255 266 4311 excidcre,
284 4271 463 4323 quemquamne
479 4255 709 4323 necessariumqui-
732 4259 776 4307 diu
791 4262 847 4310 urbe
862 4266 967 4322 perpuri.
1003 4262 1033 4309 V.
1051 4260 1187 4310 llnmabuma
1205 4258 1252 4307 Gr.
1268 4258 1299 4307 1..

143 4324 199 4374 dem
215 4324 273 4375 mihi
297 4323 393 4373 videtur
413 4329 447 4386 el,
472 4323 548 4374 immo
569 4324 708 4391 asyndeton
735 4328 757 4394 d
777 4322 829 4378 lii.
854 4337 879 4375 et
902 4344 947 4375 non
970 4327 996 4376 in
1021 4329 1066 4377 Gr.
1081 4328 1109 4377 b.
1132 4328 1156 4393 ᾖ.
1172 4326 1234 4385 tls,
1261 4328 1301 4377 10.

142 4392 201 4441 huic
217 4392 281 4450 1000,
299 4393 324 4441 iu
341 4409 390 4458 qno
405 4392 553 4443 commotior
567 4403 605 4443 est
621 4393 708 4452 oratio,
735 4393 831 4443 Deinde
844 4395 908 4444 inter
921 4395 996 4445 verba
1010 4401 1115 4445 omnium
1125 4404 1153 4445 et
1167 4401 1249 4445 codro
1259 4393 1300 4443 fa-

143 4457 217 4519 longc
239 4460 397 4525 aptissimum.
434 4464 543 4512 llouiaius
566 4461 709 4512 Ciceronem
734 4460 861 4512 cillimelu
876 4462 991 4511 excidere
1008 4463 1125 4531 potuisse,
1140 4458 1297 4530 quisneget?

143 4524 240 4573 dedisse
256 4538 340 4591 pruriat:
365 4533 449 4591 siquis,
468 4531 543 4590 oredo,
560 4532 654 4592 tubulis,
671 4546 709 4580 oo·
734 4528 807 4590 Quod
827 4540 910 4579 autem
925 4530 1030 4579 Orellius
1050 4531 1256 4609 praepositionem
1271 4532 1298 4577 in

142 4594 247 4668 lamma?
275 4596 445 4657 tt'esenberpa'us
462 4596 514 4644 Em.
531 4598 548 4645 l.
565 4596 638 4661 pel.
657 4614 707 4646 non
732 4610 837 4663 propter
849 4615 917 4664 seqq.
935 4602 959 4648 ia
972 4602 1067 4661 publico
1080 4598 1300 4649 rcricieodamesse

142 4657 247 4713 dubitat,
265 4657 324 4723 quin
340 4660 366 4707 C.
375 4662 514 4727 scripserit:
533 4666 621 4724 Siparis,
630 4667 707 4725 medo,
732 4663 808 4721 dicit,
834 4666 860 4715 id
884 4665 944 4715 mibi
960 4666 1060 4734 quidem
1077 4666 1169 4717 nullius
1182 4665 1302 4717 momenti

142 4732 169 4775 et
185 4728 279 4785 tubulis,
290 4737 434 4789 comparato
450 4728 507 4777 loco
522 4728 654 4782 simillimo.
666 4730 706 4796 qui
731 4730 828 4782 ridetur
843 4751 903 4790 esse

142 4802 181 4843 0st
203 4791 289 4843 Parad-
306 4792 335 4839 V·
355 4792 384 4851 2,
400 4792 538 4855 36-37.,
563 4795 604 4844 ubi
626 4800 708 4847 lnbulo
779 4804 885 4868 priuati]
911 4801 937 4851 b.
961 4820 983 4851 e.
1010 4802 1118 4862 „nullos
1142 4802 1301 4883 niaqintntn

142 4861 202 4913 item
218 4875 264 4926 pro
279 4865 294 4907 t.
310 4863 374 4923 pielo
388 4859 425 4910 bis
441 4859 549 4929 positum
567 4872 619 4921 est5
644 4867 707 4916 ludts
730 4883 804 4934 quom
826 4869 931 4920 maxime
944 4873 1086 4935 gerentes.“
1121 4872 1231 4923 ofellius
1246 4888 1302 4922 cuna

143 4947 173 4981 ex
193 4927 317 4995 geminato
340 4932 399 4980 bulla
424 4928 518 4979 lactum
539 4939 617 4998 putat.
652 4934 705 5000 Ego
730 4949 780 4984 nno
797 4937 876 4987 Oxou.
892 4946 918 4987 et
932 4938 1054 4989 Lambino
1075 4937 1161 4991 edidit
1180 4944 1302 5004 muntia,

142 4996 199 5047 huic
216 4995 336 5047 vocabulo
351 4996 437 5049 addidi
456 4997 523 5064 signa
541 4999 705 5066 cormptelae,
729 5001 814 5053 dicens
830 5004 877 5056 b.l.
889 5005 922 5056 de
934 5009 1056 5068 priuatim
1066 5023 1118 5057 non
1132 5007 1236 5074 publice
1245 5022 1301 5075 pos-
