2888 5512
472 752 788 821 assentatore.
1165 750 1231 823 dm

40 869 144 931 derata
163 866 272 930 iudicia
290 868 416 945 mentis;
449 870 494 931 sic
517 870 585 935 boio
607 872 725 936 inimica
744 876 972 960 intemperantia
997 886 1224 951 emmeramiani

41 988 150 1040 statam
168 977 349 1056 inflammat,
373 980 541 1057 conturbat,
562 982 683 1060 incitat;
706 984 805 1068 itaque
823 996 853 1048 et
865 989 1066 1070 aegritudines
1082 1002 1112 1055 et
1126 1004 1224 1060 metus

38 1096 68 1150 el
89 1086 226 1170 reliquae
250 1087 487 1170 perturbationes
511 1112 612 1153 ornnes
634 1094 795 1175 gignuntur
815 1116 855 1157 en
878 1116 925 1159 ea.

126 1193 172 1257 X.
197 1205 251 1260 23.
277 1194 530 1277 Quemadmodum
551 1222 636 1281 quum
653 1204 774 1285 sangnis
793 1217 948 1289 corruptus
966 1219 1029 1286 est,
1054 1222 1104 1274 aot
1120 1212 1222 1296 pituita

39 1306 187 1369 redundat
208 1317 260 1367 aut
288 1306 374 1382 bilis,
410 1308 439 1369 in
463 1330 587 1392 corpore
618 1311 710 1373 morbi
734 1315 1011 1398 aegrotationesque
1040 1334 1218 1402 naseunturp

37 1416 78 1479 sie
98 1435 258 1500 pravarum
285 1416 455 1498 opinionum
472 1418 659 1481 conturbatio
679 1432 711 1483 et
728 1421 857 1504 ipsarum
876 1425 954 1487 inter
972 1446 1005 1488 se
1025 1433 1219 1511 repugnantia

38 1526 166 1589 uanitate
188 1524 297 1609 apodiat
329 1526 455 1588 animum
479 1527 648 1610 morbisque
670 1532 832 1612 perturbat.
878 1532 929 1597 Ex
952 1537 1219 1619 perturbationibus

39 1644 140 1697 antem
154 1634 280 1719 primum
297 1634 391 1696 morbi
407 1636 620 1715 coniiciuntur,
645 1659 720 1720 quae
740 1652 848 1703 rorant
863 1643 902 1705 illi
918 1642 1085 1724 νοσήματα,
1110 1669 1216 1732 eaque,

36 1756 201 1827 quaesunt
219 1742 390 1806 eismorbis
407 1746 573 1823 contraria,
607 1767 681 1830 quae
704 1748 813 1813 babent
835 1752 870 1813 ad
891 1772 940 1816 res
959 1765 1057 1817 certas
1081 1756 1217 1821 vitiosam

38 1852 237 1917 offensionem
255 1863 343 1936 atque
361 1854 525 1931 lastidium3
559 1854 664 1918 deinde
681 1860 918 1941 aegrotationes,
942 1882 1016 1945 qnae
1035 1865 1218 1948 appellantur

35 1984 54 2025 a
73 1960 190 2027 Stoicis
203 1954 424 2045 deterrima,
447 1964 562 2047 iisque¹
579 1965 648 2027 item
668 1968 821 2051 oppositae
837 1971 1004 2033 contrariae
1022 1973 1214 2039 offensiones.

104 2152 142 2202 X.
178 2150 190 2201 l
210 2150 251 2199 Sic
269 2149 355 2199 Dnisb.
384 2151 498 2215 (biisquel
523 2168 585 2200 unna
607 2154 652 2201 01.
669 2153 758 2219 (isque)
778 2155 848 2204 bion.
866 2154 888 2205 l.
907 2158 962 2221 (iis,
989 2173 1038 2208 om.
1056 2160 1113 2226 que)
1136 2177 1213 2227 marg.

39 2224 98 2270 Aac.
115 2218 142 2270 2.
159 2228 186 2267 et
201 2216 260 2269 edd.
278 2227 340 2269 vett.
357 2220 382 2267 S.
390 2220 417 2267 E.
429 2218 551 2277 llWoll.;
570 2222 613 2269 Or.
630 2238 651 2269 c.
670 2222 736 2287 vulg.
751 2224 840 2284 bisque.

35 2352 86 2386 non
94 2344 200 2402 potesta
219 2333 285 2401 apud
294 2334 411 2400 antiquos
418 2345 507 2399 poetas
517 2345 613 2384 utrnm-
638 2351 721 2397 cupere
731 2340 835 2387 maures.
852 2339 927 2399 Quod
938 2340 971 2389 de
984 2344 1123 2405 indigentie,
1138 2360 1213 2409 quam

35 2420 83 2470 que
98 2401 249 2453 uocabulum
264 2402 361 2468 saepius
375 2401 458 2465 iungi,
477 2401 536 2451 satis
551 2419 612 2451 con·
640 2402 920 2469 messappellubant,
938 2406 1103 2467 dictumest,
1127 2428 1213 2461 verum

35 2480 94 2521 etat.
136 2472 195 2521 tt'ss.
214 2468 502 2536 oomp.1.ncr.:t‚·ttt'›.
534 2468 612 2519 l‘laut.
639 2480 690 2527 est3
708 2471 776 2536 quod
793 2470 825 2519 de
840 2473 970 2532 desiderio,
989 2490 1062 2540 quern
1078 2472 1156 2528 πόθον
1169 2475 1212 2526 dt.

36 2538 110 2604 capt
130 2536 261 2596 11.3,“2ἲ.
288 2536 373 2586 Pseud.
392 2537 422 2584 V.
445 2538 466 2594 l,
482 2535 528 2586 ¹26:
548 2539 614 2587 sordi
640 2537 745 2597 cebant,
769 2538 927 2602 rrttgnton'um
945 2550 992 2590 est.
1028 2542 1093 2591 Num
1109 2553 1135 2591 et
1152 2545 1214 2592 dasi-

34 2616 111 2671 atqne.
124 2609 207 2654 anino
220 2619 267 2653 sno
282 2604 456 2670 obsequentes.
484 2605 613 2669 llepraun-
638 2607 729 2654 derium
747 2615 773 2655 et
789 2602 870 2663 πόθος
893 2606 1038 2673 saepissime
1057 2608 1125 2675 apnd
1143 2608 1214 2674 opti-

33 2671 135 2721 tionem
147 2670 283 2737 scripturae
296 2672 352 2721 lt'et.
366 2670 531 2735 sicexplicat:
551 2688 612 2736 pro-
638 2688 693 2721 mae
709 2681 785 2721 notae.
800 2673 936 2739 scriptores
952 2674 985 2723 ad
1003 2675 1068 2740 ipsas
1086 2692 1125 2725 res
1141 2675 1213 2726 rele-

35 2736 292 2807 ptersuperiusillud
305 2740 387 2787 odium
403 2736 549 2803 antiquioris
563 2737 614 2786 uli·
639 2748 734 2788 matur.
769 2740 891 2789 Nimirum
909 2741 934 2791 in
952 2742 1074 2793 eiusmodi
1097 2742 1167 2793 tricis
1185 2754 1212 2792 et

36 2806 110 2856 cuius
124 2802 163 2855 ed.
178 2804 264 2855 lacuna
279 2804 393 2854 vocabuli
408 2808 488 2853 onirno
503 2814 560 2869 post
577 2810 614 2857 in·
638 2805 741 2870 argutiis
758 2806 861 2857 mirifice
879 2807 1068 2860 delectabuntur
1084 2809 1171 2861 Stoici.

34 2878 96 2924 timo
110 2870 194 2923 omissi
213 2872 239 2920 in
256 2872 397 2938 archetypo
416 2871 480 2921 lnlso
498 2870 615 2937 suppleta
689 2875 711 2939 §-
726 2874 767 2923 Ἡ.
793 2876 1010 2943 gignuntnresso]
1030 2879 1065 2927 De
1080 2878 1213 2927 verboram

35 2952 90 3002 ert,
115 2949 159 2989 aut
181 2938 258 2987 etiarn
275 2937 451 3004 compendium
474 2939 613 3005 scripturae
638 2939 805 2989 collocatione
823 2958 846 2989 r.
865 2958 910 2989 nos
927 2941 953 2991 in
970 2944 1014 2993 Gr.
1030 2944 1057 2993 L.
1075 2944 1096 2995 ti.
1113 2942 1168 3008 lli't',
1188 2942 1210 2996 l.

35 3010 88 3075 (trio
104 3024 161 3057 cnm
178 3005 271 3057 lineola
287 3006 408 3073 quadam,
434 3016 460 3054 nt
477 3007 552 3063 tto.
572 3006 610 3058 17.
689 3006 749 3055 Car.
760 3009 796 3056 X.
815 3010 836 3075 §-
852 3008 893 3058 'td
912 3002 1100 3074 νοσήματά]
1119 3012 1210 3077 liper-

34 3080 73 3127 sltr
90 3092 113 3125 a.
128 3074 173 3125 lin.
189 3070 237 3139 pro
249 3072 365 3123 omnibns
380 3070 404 3121 in
420 3073 470 3135 ΗΡ)
488 3072 553 3122 malo
569 3073 610 3122 in·
636 3073 818 3123 turbationibus
834 3074 882 3123 tria
898 3076 1034 3125 exsistunt:
1053 3076 1147 3138 morbi,
1164 3094 1210 3127 ae-

33 3142 173 3193 tellertnm.
637 3142 807 3206 grotntiones,
829 3141 986 3193 oll'ensiunes.
1024 3144 1106 3195 Morbi
1122 3156 1149 3195 et
1164 3162 1210 3195 ae-

84 3212 239 3271 mutianum
254 3210 315 3257 illud
331 3211 415 3267 ettam,
438 3214 464 3257 ut
481 3211 553 3257 libido
569 3207 611 3275 stt]
637 3209 793 3273 grotationes
815 3210 934 3259 exsistunt
951 3228 966 3259 e
980 3210 1084 3261 libidine
1105 3230 1135 3263 ac
1153 3212 1209 3263 lae·

34 3277 77 3327 stc
95 3288 168 3327 recte
187 3278 230 3325 Or.
250 3292 306 3325 sum
325 3274 425 3341 optimis
443 3275 517 3324 codd.
537 3276 611 3341 legit3
635 3275 707 3333 titia.
732 3277 882 3327 oll'ensiones
898 3293 911 3327 e
926 3289 1002 3329 metu.
1037 3279 1211 3329 l‘erturbatio-

33 3344 79 3395 sed
94 3344 158 3393 illud
183 3360 234 3393 non
253 3352 322 3393 reete
339 3342 398 3391 milri
416 3341 515 3391 videtur
530 3342 611 3391 inter·
636 3360 680 3393 nes
695 3355 753 3393 sunt
774 3355 858 3394 motus
878 3345 954 3394 animi
974 3344 1050 3394 subiti
1073 3355 1099 3393 et
1122 3342 1210 3393 conci-

34 3410 143 3479 pretari:
164 3415 199 3461 air
212 3412 312 3461 masten
328 3412 451 3459 uucbdie
468 3412 611 3459 llnlersebet'·
635 3411 695 3460 tati:
721 3411 763 3478 qui
778 3412 885 3475 neglecti
903 3428 977 3475 quum
999 3410 1211 3469 inveteraverunt,

34 3482 117 3541 daap,
138 3487 165 3526 ut
184 3494 256 3543 pron.
275 3478 336 3525 illud
353 3493 402 3525 non
421 3475 453 3525 ad
469 3479 613 3525 desiderium
635 3476 749 3526 elficinrrt
763 3476 865 3525 morbos
883 3472 1052 3539 (νοσήματαῂ
1077 3474 1212 3540 quiquam

33 3542 198 3596 nectendam
214 3544 263 3601 sit,
279 3542 323 3591 sed
341 3542 373 3591 ad
390 3542 517 3609 sequentia
535 3560 611 3607 prae·
636 3544 736 3609 penitus
762 3543 788 3591 in
812 3542 896 3590 ausimo
922 3539 1066 3588 insederunt
1090 3549 1117 3587 ut
1141 3540 1211 3606 quasi

33 3622 137 3679 paret·
155 3612 233 3659 lmmn
248 3612 394 3673 distinguunt
409 3612 469 3660 illud
485 3615 556 3659 etium
573 3620 611 3657 rat
638 3624 759 3658 summum
775 3607 878 3671 gradum
895 3605 982 3671 adepti
999 3616 1071 3665 aunt,
1090 3607 1212 3659 exsistunt

31 3682 149 3729 aramum
161 3680 381 3729 desideriunettcm
395 3678 458 3743 (ita),
476 3688 502 3725 nt
516 3677 548 3725 sit
563 3686 611 3725 etc.
636 3675 820 3742 aegrotationes
840 3668 1060 3739 (α’ρῤωστὴματα),
1077 3692 1140 3741 quae
1153 3674 1212 3725 ani-

32 3742 173 3795 Sontentia
187 3758 299 3811 eapreau
313 3756 351 3793 est
367 3744 441 3794 baec:
471 3744 518 3793 Alii
534 3743 612 3791 Stoici
636 3761 703 3792 mum
718 3742 754 3791 ita
769 3741 891 3790 addetum
907 3750 932 3789 et
948 3741 1054 3790 fracttrm
1069 3752 1166 3808 tenent,
1183 3740 1236 3803 tf,

33 3812 62 3861 in
80 3808 195 3862 libidinis
216 3810 324 3877 partibus
347 3823 445 3877 ponunt
462 3821 488 3860 et
505 3813 612 3868 indigen-
637 3812 667 3859 iis
685 3809 799 3859 resistere
822 3824 872 3857 aron
896 3807 982 3873 possit.
1017 3808 1110 3858 blorbis
1127 3820 1211 3861 autem

34 3882 93 3929 llam
118 3886 145 3927 ct
169 3878 317 3929 desideriam.
351 3881 413 3928 Stant
430 3890 513 3929 tamen
537 3877 612 3925 etiam
637 3888 664 3927 et
687 3874 900 3942 aegrotationibus
923 3874 1062 3925 contrariae
1084 3886 1142 3926 sunt
1166 3878 1211 3928 ol-

35 3946 92 4003 atii.
110 3945 154 4013 qui
171 3948 327 4009 tntttpenttam
343 3946 474 4003 omittant,
493 3962 568 4012 quum
584 3960 612 3993 ra
638 3944 779 4003 lermionm,
805 3941 893 4009 quibus
914 3959 953 3991 res
973 3954 1053 3993 certas
1071 3942 1211 3994 fastidimus

35 4030 119 4065 rerum
140 4012 249 4079 ipsarum
263 4011 310 4073 sit,
334 4012 359 4063 b.
373 4031 392 4063 e.
411 4012 534 4081 significet
550 4014 613 4073 dest-
639 4022 665 4061 ot
696 4012 857 4061 detestamur.
901 4010 939 4059 Dc
971 4008 1150 4061 otiansionibns
1175 4012 1209 4063 al'.

36 4086 98 4133 m
115 4076 221 4129 alienius
237 4078 288 4139 rei,
311 4078 494 4139 othonorum,
520 4090 548 4128 ut
565 4095 612 4144 pe-
639 4082 789 4130 Tiedenrunn.
805 4080 903 4143 system
916 4076 1211 4129 d.StoisebenPhil.lll.

36 4148 133 4199 umiae.
163 4148 249 4207 Quare
264 4146 359 4197 nontini
374 4150 485 4199 desiderit
499 4147 612 4195 lntiorem
639 4164 663 4213 p.
677 4144 734 4199 267.
770 4146 848 4195 Porro
870 4144 1022 4195 monendum
1040 4156 1078 4196 est
1096 4146 1127 4195 de
1143 4156 1210 4195 stru·

36 4214 171 4265 snbiieirmt
189 4214 333 4271 notionem,
360 4224 387 4264 ut
411 4233 462 4264 non
482 4214 563 4264 solnm
580 4212 613 4261 sit
639 4224 721 4264 ctum:
740 4216 823 4271 morbi,
838 4228 898 4275 quus
913 4220 997 4262 coeunt
1012 4217 1046 4262 itti
1061 4209 1212 4275 νοσήμα-

36 4280 117 4333 ldoido
134 4280 204 4341 eins,
221 4280 389 4347 qainondam
406 4282 484 4337 nulrit.
503 4279 613 4339 videndi,
638 4299 691 4333 ra:
709 4280 832 4346 quoduest
846 4296 923 4344 genus
957 4279 1063 4327 uoddnm
1079 4276 1213 4325 attractio-

35 4346 84 4399 sed
99 4346 177 4399 etiam
194 4348 306 4397 omniurn
323 4365 406 4397 earum
427 4366 525 4407 rerum,
552 4364 614 4414 qnae
640 4348 686 4405 nia,
704 4363 754 4413 quo
769 4364 906 4411 pronomen
916 4297 1046 4393 relativum
1057 4356 1213 4405 generosarum

34 4426 157 4481 tanquam
170 4414 316 4481 praedicata
333 4415 554 4481 lxmpcpripornl
573 4414 615 4462 di·
640 4430 690 4463 non
705 4413 738 4461 ad
754 4413 933 4468 antecedentia,
951 4409 995 4457 sed
1009 4408 1136 4473 sequentis
1151 4407 1214 4457 sub-

37 4492 132 4535 euntur
146 4480 180 4531 de
194 4481 319 4549 quodam,
347 4482 382 4531 nti
408 4483 507 4550 quiidam
525 4480 616 4529 dieitur
640 4479 741 4531 stantiui
758 4497 834 4545 genus
853 4478 1012 4529 corrlormnrc
1027 4474 1100 4525 solet.
1134 4478 1214 4544 Supra

36 4552 123 4601 hilm
138 4550 245 4599 dtotttas.
278 4547 354 4610 Quod
369 4550 479 4615 eiigitur
494 4547 615 4665 quispiam
642 4549 660 4596 l.
679 4547 706 4603 l,
727 4546 753 4596 l:
776 4550 853 4597 studio
868 4542 1021 4609 supientiae,
1039 4558 1099 4605 quae
1113 4547 1215 4607 pbiloso-

27 4612 143 4667 ¹bbidine
165 4616 276 4681 agitatur
299 4617 352 4665 sive
375 4616 475 4667 divitias
516 4614 616 4673 abundi,
639 4618 696 4679 pbio
712 4613 811 4664 dicitnr.
839 4609 1071 4665 ct.adt.10.‘tu.
1095 4611 1215 4679 dalmgg.

37 4682 90 4735 tire
103 4684 217 4735 bonores
232 4682 355 4749 eripiendi.
373 4700 429 4733 eom
444 4702 494 4733 non
509 4686 617 4747 indigen·
642 4684 668 4741 l,
688 4680 720 4733 i:
750 4678 841 4731 animal
868 4678 917 4727 boc
942 4676 1074 4744 providum
1091 4708 1125 4718 --
1142 4696 1216 4746 quem

37 4752 91 4813 lh,
114 4750 163 4801 sed
179 4752 298 4801 desiderio
315 4749 404 4814 agitari
421 4750 515 4799 dicunt.
551 4752 617 4815 Ergo
643 4764 759 4798 voramus
775 4744 915 4795 hominem:
942 4744 984 4794 ubi
999 4744 1085 4813 inepte
1103 4750 1215 4807 tt'prtent.

37 4832 69 4867 ax
90 4816 196 4868 illorum
212 4818 356 4867 Stoicorum
379 4828 463 4867 mente
484 4816 618 4867 dicendum
644 4831 726 4880 comp.
736 4816 839 4865 Terent.
851 4812 928 4863 Andr.
939 4813 983 4862 lll.
996 4814 1062 4873 fat:
1080 4817 1164 4875 salus,
1176 4816 1217 4876 qui

37 4892 90 4936 el:
114 4886 227 4937 mmo
243 4888 328 4935 bobm
341 4888 481 4947 penatum.
497 4886 522 4936 d.
537 4898 620 4946 cupere
644 4900 684 4932 me
709 4880 827 4947 perdidit.
869 4882 899 4930 V.
922 4882 1003 4932 blond.
1027 4879 1059 4929 ad
1077 4878 1217 4945 Wopkens.

35 4952 149 5013 burs,
165 4968 219 5003 non
235 4954 342 5003 deddero
356 4955 492 5015 pecuniam,
509 4952 620 5011 bonorem
647 4952 730 5000 lectt.
741 4947 808 5000 Tull.
822 4964 848 5013 p.
859 4944 911 5007 de,
931 4950 1036 4998 &aaut
1051 4955 1077 4995 et
1086 4949 1169 4997 neser.
1184 4941 1217 4993 sd

36 5028 126 5069 eontra
151 5034 204 5069 non
222 5020 317 5079 tnotpao
332 5020 417 5069 natm
438 5021 579 5080 maumam,
602 5021 620 5066 i.
647 5014 797 5081 begglml..
813 5008 1219 5075 minoraretpdsq.

898 5080 974 5139 22*
