2888 5512
551 600 910 667 praenunciare.
1261 591 1325 659 tif»

142 734 209 789 Ιιιιι
225 721 372 786 differenti
383 742 401 785 a
412 720 521 784 iudicio
536 723 676 800 terarum,
693 721 826 785 oblivisci
840 722 939 785 licebit
952 723 1018 785 aui?
1033 733 1064 785 et
1076 727 1161 787 tum⁴
1176 726 1325 789 fortunam

143 842 358 909 contemnere,
383 850 469 914 quum
487 829 527 893 sit
542 851 629 893 omne
644 842 675 893 et
686 830 794 892 bonum
811 831 875 893 eius
893 840 921 893 et
935 830 1042 895 indum
1056 831 1086 895 in
1100 845 1246 917 potestate
1263 838 1323 898 lor-

145 952 249 1018 tnnae,
268 952 329 1005 tum
343 938 442 1003 dicere
456 958 490 1003 ae
505 939 622 1003 beatum
635 940 663 1001 iu
677 961 790 1003 summo
803 941 935 1002 cruciatu
949 951 1035 1023 atque
1049 946 1216 1022 tormentis,
1235 966 1323 1027 quum

118 1030 356 1127 Ι-ιιιιιῑίιιιιιιίι,
381 1070 440 1111 nou
456 1049 542 1111 modo
560 1070 704 1110 summurn
721 1049 827 1110 malum
844 1070 911 1111 esse
927 1049 1077 1127 dolorem,
1102 1053 1153 1114 sed
1168 1053 1256 1115 etiam
1275 1074 1324 1117 so-

148 1158 228 1227 luti
263 1168 317 1223 tt.
340 1156 409 1221 Nee
424 1178 499 1220 vero
514 1157 563 1219 illa
577 1157 633 1219 sibi
648 1158 777 1220 remedia
792 1157 975 1241 comparavit
989 1160 1024 1221 ad
1042 1161 1225 1225 tolerandum
1241 1164 1324 1227 dolo-

147 1288 224 1348 Μ,
248 1268 416 1331 linuitntem
428 1265 530 1345 animi,
554 1266 740 1349 turpitudinis
754 1269 975 1344 verecundiam,
998 1270 1242 1333 exercitationem
1254 1294 1324 1335 corr-

118 1360 129 1429 ⁵·-
149 1376 393 1459 saetudiuemque
408 1375 554 1459 patiendi,
576 1386 733 1459 praecepta
751 1377 942 1452 tortitudinis,
967 1377 1102 1439 duritiam
1116 1380 1249 1457 virilem3
1273 1382 1325 1443 sed

119 1532 132 1551 .-
150 1506 209 1553 aaa
227 1506 262 1551 sa
279 1485 351 1549 dicit
369 1484 575 1549 nuntiatione
594 1484 784 1566 acquiescere
801 1486 1024 1568 praeteriturum
1041 1487 1271 1571 voluptatium⁶,
1295 1501 1327 1552 ut

118 1598 178 1681 ..ai
189 1596 257 1679 quis
269 1604 423 1671 aestuans,
445 1614 533 1675 quum
545 1595 604 1655 viru
618 1593 726 1656 caloris
738 1615 797 1657 nou
814 1594 898 1657 incilo
912 1597 1050 1678 patiatur,
1075 1599 1225 1660 recordari
1241 1598 1325 1677 velit,

129 1706 244 1771 -.·reee⁸
271 1702 428 1787 aliquando
451 1701 482 1765 in
506 1702 643 1786 Arpinati
670 1714 773 1767 nostro
799 1704 904 1785 gelidis
932 1705 1098 1767 [luminibus
1119 1705 1325 1771 circumfusum
1430 1706 1442 1724 ⁹

152 1814 262 1877 luisse.
304 1808 375 1875 Non
396 1811 476 1874 enirn
495 1812 601 1887 rideo,
632 1832 690 1894 quo
708 1812 795 1873 modo
810 1814 917 1874 sedare
935 1813 1049 1896 possint
1064 1814 1142 1876 mala
1161 1817 1328 1898 praesentia

130 2000 134 2005 Ι
153 1920 332 2009 praeteritae
347 1922 525 2004 voluptates.
571 1929 624 1983 ts.
649 1917 710 1983 Sed
728 1942 814 2003 quum
830 1922 855 1983 is
874 1920 968 1999 dicut,
992 1943 1109 2005 semper
1125 1924 1242 1987 beatum
1260 1944 1328 1989 csse

125 2036 139 2053 ’“
153 2014 335 2115 sapientem,
359 2028 521 2093 edidicere
537 2028 604 2107 boe,
629 2028 654 2091 si
670 2029 727 2091 sibi
745 2040 882 2093 constare
900 2031 1000 2108 vellet,
1026 2053 1083 2094 non
1102 2033 1221 2111 licere13
1246 2035 1327 2116 quid·

155 2161 224 2204 nam
244 2137 410 2203 taciendam
426 2148 474 2201 eat
490 2137 566 2216 iis⁷‚
591 2138 639 2219 qui
656 2136 727 2199 nibil
744 2140 959 2221 expetendum,
984 2140 1054 2202 nihil
1074 2142 1102 2203 in
1118 2142 1203 2207 bonis
1219 2144 1328 2205 ducen-

156 2249 241 2327 dum,
265 2248 344 2331 qnod
359 2246 512 2311 honestate
526 2255 643 2322 eareat,
668 2247 858 2308 existimanti
903 2245 954 2308 Me
972 2248 1087 2329 quidem
1103 2261 1224 2311 auctore
1241 2255 1328 2313 etiam

157 2356 349 2441 Peripatetici
364 2366 541 2439 veteresque
559 2354 729 2417 Academici
744 2354 887 2417 balbutire
901 2355 1057 2438 aliquando
1072 2356 1230 2419 desinunt⁸
1246 2379 1331 2442 aper·

224 2500 244 2548 q
260 2500 293 2547 D.
309 2506 398 2547 contra
412 2496 485 2549 codd.
501 2513 570 2560 eum;
595 2506 621 2546 ot
636 2503 686 2547 tuns
698 2525 732 2535 ·-
747 2503 796 2547 tum
814 2508 852 2547 est
867 2500 937 2547 modo
952 2526 984 2535 -
997 2501 1074 2550 modo.
1100 2501 1130 2548 V.
1145 2498 1177 2548 ad
1194 2518 1214 2549 c.
1231 2498 1271 2560 25,
1289 2496 1331 2549 ⁵2.

157 2566 176 2619 b
192 2564 296 2617 mbdu.
328 2558 403 2615 Mic
415 2563 501 2633 scripsi
509 2582 531 2615 c.
540 2580 606 2614 rece.
623 2564 777 2613 edd.eMon.
788 2564 811 2613 l.
827 2564 913 2613 Duisb.
927 2575 953 2615 et
966 2583 979 2614 e
992 2565 1102 2631 vestigiis
1110 2566 1183 2617 codd.
1196 2567 1224 2617 ll.
1234 2566 1330 2618 Gud.l.

155 2636 192 2683 ΙΙ.
212 2632 286 2683 ddor.
302 2630 564 2689 0¹1.llelrd.blacb.,
589 2630 630 2698 qui
645 2630 737 2681 harbent
755 2646 818 2692 esse,
843 2632 885 2687 P..
911 2632 1099 2709 quihuhete'e',·
1125 2636 1167 2683 Or.
1182 2652 1202 2683 c.
1219 2635 1285 2700 vulg.
1299 2650 1332 2688 se.

157 2698 176 2751 7
195 2696 700 2765 οι“.ο.Η,(ἷιιά.1.11.1ἱίοιι.2.1ιιέ,Ι
718 2696 903 2758 atv.adl.3,
921 2712 945 2746 u.
983 2698 1000 2747 8
1017 2698 1107 2748 SicOr.
1122 2718 1142 2751 c.
1154 2701 1181 2749 ll.
1191 2702 1216 2749 P.
1233 2701 1331 2750 (aaut.

159 2768 194 2817 u.
212 2766 316 2833 aliisque
332 2774 359 2815 et
374 2764 461 2815 Nonio
477 2782 525 2831 pro
541 2768 615 2815 destn
632 2768 689 2827 ottq.

161 2866 184 2917 ta
201 2864 269 2916 dieat
284 2872 332 2917 ete.
353 2864 395 2914 Gl'.
403 2866 484 2915 Hand.
494 2864 600 2914 Turseli.
613 2866 631 2914 l.
641 2864 734 2931 ptine.
760 2864 931 2930 dignissimum
948 2864 1021 2914 rebus
1037 2864 1084 2927 lais,
1102 2864 1235 2933 dequibus
1249 2867 1333 2933 loqui-

161 2944 187 2985 et
200 2936 309 2995 liuddo.
325 2930 360 2981 ad
381 2931 436 2980 rin.
458 2932 547 2993 1,·'.'t,
565 2932 606 2983 7¹2.
760 2941 818 2991 tur,
836 2948 919 2982 sonum
935 2935 1040 2993 sundere.

209 3002 253 3049 hee
268 3014 353 3051 meas
368 3000 498 3063 naneti]
517 2998 549 3048 de
566 2998 647 3048 Finib.
663 3000 694 3048 ll.
709 2998 735 3060 3,
812 3003 896 3049 odnoa
906 2998 1029 3077 pertinere]
1048 3017 1128 3067 neque
1142 3002 1272 3069 quicquam
1283 3004 1334 3053 ho-

162 3066 195 3119 7:
215 3064 257 3133 qui
270 3064 416 3133 (Epimrne)
430 3080 458 3115 se
471 3082 548 3127 unus,
567 3065 634 3131 quod
649 3065 736 3131 eciam,
762 3066 841 3115 minea
858 3067 974 3124 allicere,
1001 3067 1047 3117 rarsi
1066 3069 1133 3135 qnod
1153 3082 1196 3120 aut
1219 3070 1274 3120 leve
1290 3081 1334 3121 aut

161 3133 300 3201 rapientem
317 3130 430 3199 profiteri
446 3132 479 3181 ait
495 3149 575 3182 ausos.
761 3151 875 3200 asperum
892 3134 916 3182 in
935 3151 1042 3200 corpore
1057 3138 1194 3201 sentiatur,
1213 3139 1237 3187 li.
1248 3157 1270 3187 e.
1288 3137 1335 3188 uisi

212 3208 239 3250 ut
254 3202 327 3251 lubet
341 3212 367 3249 se
382 3196 430 3265 res]
457 3200 490 3247 Η.
504 3216 527 3248 e.
548 3200 570 3248 si
586 3216 638 3249 rein
657 3200 737 3266 ipsam
762 3201 829 3268 quod
846 3201 958 3251 sensibus
975 3202 1134 3267 percipiatur.

164 3278 313 3335 spectamus,
332 3264 400 3315 nulla
408 3264 493 3315 habita
502 3266 601 3315 ratione
613 3267 665 3316 eiua
676 3284 737 3316 sen·
813 3271 867 3318 boio
888 3284 935 3316 nnn
958 3272 1058 3317 miiitum
1075 3272 1191 3329 differenti
1215 3272 1337 3318 uindicta

164 3335 277 3393 rendae,
300 3348 349 3400 qua
366 3341 442 3383 otone
458 3332 549 3383 malurn
567 3333 655 3383 dolore
673 3334 738 3383 defr-
762 3338 879 3398 snorum]
900 3334 931 3381 ll.
940 3350 962 3381 e.
981 3334 1053 3391 hnic,
1071 3338 1138 3383 enine
1152 3337 1267 3382 iudiciuin
1285 3350 1336 3383 non

163 3402 229 3461 niae,
245 3398 491 3466 bonuuvolaptate.
517 3402 634 3450 Bentleius
650 3402 739 3467 legen·
763 3403 867 3449 multtum
882 3399 968 3448 dill'en
981 3418 995 3446 a
1012 3401 1098 3447 iudicio
1110 3403 1223 3461 [erorum.
1243 3400 1338 3449 Cieda

162 3468 226 3517 duna
251 3464 370 3517 coniecit:
395 3472 447 3517 atat
468 3470 537 3517 babet
552 3483 577 3517 se
593 3482 645 3529 res,
671 3469 697 3517 h.
716 3485 737 3516 e.
764 3466 813 3515 otr.
832 3468 863 3514 ll.
879 3466 904 3521 7,
921 3465 968 3515 26:
989 3465 1106 3521 Phalaris,
1126 3466 1193 3515 cuins
1212 3476 1249 3514 est
1266 3483 1336 3530 proe-

166 3546 297 3599 otconque
311 3532 421 3583 babatee
430 3550 478 3595 res,
491 3534 602 3600 quamvis
615 3552 666 3583 non
676 3552 739 3583 con·
764 3539 798 3583 ter
810 3539 895 3582 ceteros
909 3530 1039 3581 nobilitata
1052 3532 1184 3581 erudelitas
1200 3533 1217 3582 i.
1227 3551 1248 3581 e.
1262 3552 1337 3600 prue-

166 3611 222 3651 etet
239 3598 304 3659 sibi,
319 3598 364 3649 aed
379 3600 481 3651 decreta
498 3618 542 3650 aua
560 3611 672 3657 evertat3
695 3600 740 3649 sed
765 3611 804 3649 ter
816 3609 955 3649 ceterorum
967 3598 1151 3648 crudelitatem:
1167 3600 1208 3649 ubi
1221 3602 1254 3650 cl.
1263 3606 1337 3652 Beier.

164 3674 221 3719 utut
236 3666 423 3717 Ciceronianam
437 3684 488 3717 uon
504 3678 551 3716 eat.
586 3666 740 3717 Vocabulum
765 3669 796 3716 V.
813 3682 860 3715 nos
877 3665 909 3713 ad
929 3667 946 3715 l.
966 3666 988 3723 l,
1006 3670 1031 3714 ¹2.

164 3742 245 3785 renen
262 3732 368 3785 orellioa
390 3734 424 3785 ad
441 3734 518 3785 verba
538 3740 565 3784 nt
580 3750 618 3785 res
634 3751 657 3785 se
673 3737 742 3784 liobet
816 3737 838 3801 §-
854 3729 895 3782 7⁴.
930 3734 1089 3781 recordatione
1110 3740 1212 3796 praeter.
1230 3739 1338 3799 octomo-

165 3802 254 3862 rel'ert,
271 3800 389 3851 Klotaius
403 3800 437 3851 ad
453 3801 529 3851 verba
544 3806 602 3863 quio
616 3831 646 3840 -
658 3805 741 3851 inscri-
766 3800 835 3866 tiam]
856 3798 896 3847 Ci.
909 3801 951 3848 lli.
968 3800 1007 3859 15,
1017 3800 1058 3849 33.
1074 3800 1106 3849 V.
1118 3802 1161 3861 itt,
1172 3806 1216 3855 ω.
1234 3803 1339 3855 Uberiu.

164 3872 231 3931 μῦς
259 3878 382 3933 uterque,
405 3878 434 3917 ot
452 3868 567 3925 videtur,
593 3886 645 3918 non
663 3879 741 3917 recte.
766 3868 799 3917 de
815 3868 863 3916 hac
878 3866 976 3932 Epicuri
991 3866 1117 3917 sententia
1129 3866 1242 3947 disputat
1252 3870 1338 3924 Cicero

166 3936 195 3985 lo
217 3934 304 3985 verbis
326 3932 408 3983 enim:
437 3938 500 3997 quod
523 3938 618 3998 quidem
635 3963 668 3975 —
686 3938 743 3984 dicit
767 3934 799 3983 de
814 3933 915 3983 Finibus
933 3936 962 3991 u,
978 3933 1020 3984 30.
1055 3934 1095 3984 Cl'.
1114 3936 1189 4005 Βίας.
1202 3938 1234 3991 Ι..
1246 3940 1282 3999 Χ,
1294 3942 1337 3991 Ὦ.

166 4000 230 4053 llaec
243 4001 313 4051 inest
328 4000 467 4051 meantia:
484 4002 559 4063 Quod
572 4003 689 4067 Epicurus
700 4001 741 4050 di·
816 4002 989 4066 voluptatium]
1022 4000 1063 4052 Sic
1084 4021 1105 4055 e.
1122 4006 1199 4057 Klots.
1222 4006 1248 4055 in
1274 4006 1338 4054 aud.

121 4124 125 4129 ,
167 4068 211 4127 eit,
227 4068 369 4133 eapientem
383 4082 488 4134 semper,
501 4070 577 4119 etiarn
593 4070 618 4117 in
630 4069 741 4118 maximis
768 4068 859 4134 psum.
877 4078 902 4117 ct
920 4071 1136 4121 tt'esenb.lim.llt.
1152 4070 1227 4135 p.'t·l.
1243 4088 1258 4119 e
1275 4072 1339 4120 ur.

167 4134 328 4195 eruciatibus,
339 4150 393 4187 esso
406 4134 521 4189 Mum:
539 4136 565 4187 id
581 4141 632 4186 licet
650 4146 743 4203 pugnet
770 4136 834 4185 unt.
848 4138 869 4186 l.
888 4139 919 4186 ll.
935 4136 1022 4201 scripsi
1040 4154 1086 4200 pro
1103 4138 1169 4199 vulg.
1185 4140 1340 4196 uoluptatum.

165 4216 229 4252 eom
245 4200 412 4267 reliquisdas
426 4202 543 4262 decretis,
560 4210 639 4253 tomen
656 4221 700 4269 per
716 4220 743 4251 se
770 4204 900 4252 Genirivus
924 4206 1054 4250 ciuitatium
1078 4220 1118 4266 ap.
1139 4200 1283 4249 Ciceronem
1302 4214 1340 4266 qut

164 4276 380 4334 spectetomoon
396 4284 496 4335 possum
514 4286 565 4319 non
583 4270 698 4335 probare.
770 4270 817 4335 ltp.
834 4270 864 4317 11.
880 4267 951 4324 *hit
974 4268 1006 4316 ad
1032 4269 1098 4316 Fam.
1118 4267 1162 4317 lX.
1179 4267 1250 4324 nn.
1277 4268 1338 4321 ΧΗ.

221 4334 320 4385 nenne
336 4336 426 4403 tarpio]
442 4338 474 4385 V.
492 4337 524 4385 ad
543 4338 574 4385 V.
591 4336 640 4399 39,
662 4333 715 4387 itt.
773 4337 816 4391 13,
832 4333 868 4396 3.)
889 4333 1047 4399 optimosque
1070 4333 1203 4398 scriptores
1221 4334 1341 4401 ireqiren-

220 4402 308 4451 t'nanes
322 4416 390 4451 moa
404 4406 514 4467 [endere]
539 4400 610 4455 Ksed
634 4404 745 4469 φξέγγε-
769 4400 864 4450 tissime
879 4399 976 4465 legitur.
1013 4400 1086 4463 Apud
1096 4400 1192 4448 Livium
1207 4400 1279 4452 huius
1293 4422 1342 4469 ge-

171 4470 242 4521 sbaa·
278 4472 358 4535 Supra
377 4470 418 4520 lli.
438 4473 478 4529 ld,
493 4476 535 4520 42.
561 4469 745 4520 similimum.
771 4467 842 4518 nitiri
858 4467 985 4517 nominum
1003 4466 1028 4514 in
1045 4473 1091 4527 tos,
1108 4473 1230 4533 gentotis
1247 4487 1342 4523 exenn-

170 4536 204 4586 lt.
224 4537 263 4595 15,
281 4532 367 4587 luto
385 4536 473 4585 eadem
491 4554 532 4585 re:
551 4538 586 4587 ait
605 4536 745 4603 (Epicurus)
772 4537 834 4584 tiunr
856 4533 1042 4598 exemplarent
1067 4534 1272 4602 lrrqtrentieaimn.
1309 4542 1341 4589 V.

170 4620 216 4653 eos
235 4606 303 4655 imni
319 4617 375 4653 vdes
390 4618 476 4654 sonore
496 4631 531 4643 -
554 4622 636 4671 neque
652 4603 747 4652 intelli·
773 4606 802 4652 K.
812 4605 839 4651 t.
849 4603 982 4653 Schneider.
992 4602 1117 4652 Aualuhrl.
1127 4604 1170 4654 Gr.
1183 4608 1212 4663 ll,
1223 4610 1244 4656 l.
1253 4608 1342 4671 plene.

170 4684 234 4735 gere
250 4686 331 4737 neqam
345 4669 442 4730 videre,
458 4670 505 4719 sub
518 4671 583 4721 hauc
598 4687 687 4721 vocem
698 4671 747 4735 ho·
773 4672 933 4719 liuddtnrann.
944 4668 1005 4717 lost.
1016 4670 1059 4722 Gr.
1069 4672 1097 4720 L.
1111 4690 1136 4738 p.
1146 4670 1187 4723 93.
1204 4672 1243 4720 ed.
1254 4672 1342 4722 Stallb.

171 4734 281 4785 aestatis
296 4752 360 4803 qnae
382 4736 417 4786 eit
437 4737 591 4788 subiicienda
608 4738 746 4787 sententia:
773 4740 876 4787 Ktbner.
892 4738 921 4785 [a.
940 4737 984 4786 Gr.
1002 4741 1023 4805 d.
1034 4738 1076 4799 20,
1092 4743 1116 4788 2.
1128 4740 1161 4799 el.

171 4801 219 4853 ubl
235 4818 261 4853 v.
275 4805 385 4855 timus·
418 4804 493 4856 ‚195.
529 4805 568 4853 Gl'.
587 4803 701 4854 Aoedern.
718 4806 749 4853 ll.
824 4808 934 4865 divinati
949 4806 1038 4869 ramiro]
1058 4804 1116 4853 Scit.
1135 4804 1222 4854 fundo.

170 4867 224 4927 23,
244 4866 291 4921 73:
320 4880 348 4920 at
366 4820 426 4921 mili
447 4870 557 4937 (videtur
573 4870 748 4938 Empedocles)
825 4872 950 4931 balbutire]
965 4872 1084 4919 liotbuttre
1099 4872 1172 4935 (necas
1183 4873 1245 4920 nant
1253 4872 1345 4919 mttder
