2888 5512
224 319 287 385 *296
658 329 779 377 innan
801 329 842 375 nt.
862 327 910 383 aa,
929 323 968 373 st.

228 456 384 528 docentes,
416 471 502 532 quam
526 456 663 532 parvaet
689 466 773 527 quam
794 465 883 528 panca
912 445 989 520 siut,
1021 462 1095 524 quae
1118 443 1401 518 naturadcsidet·et;
1440 436 1442 441 ’

227 575 277 626 ant
298 583 316 623 a
341 560 505 645 disputandi
527 557 687 620 subtilitate
712 557 876 617 orationem
900 555 936 615 ad
958 552 1092 635 exempla
1113 552 1308 614 traducimus.
1354 552 1403 614 llic

227 670 368 734 Socrates
390 677 653 743 commemoratur,
678 665 725 728 bic
747 663 918 746 Diogenes,
944 663 990 724 bic
1013 659 1216 724 Caecilianum
1234 661 1322 725 illude

422 784 512 858 Saepe
534 791 578 839 est
598 783 681 837 ettam
704 777 757 836 seih
776 778 894 854 paltrblu
913 777 1029 832 sdratt'do
1051 776 1202 850 snpientia.

228 890 326 975 Qatnm
343 891 421 954 enim
444 889 624 973 paupertatis
645 907 701 948 una
721 889 881 966 cademque
902 885 940 944 sit
961 884 1023 959 ris,
1057 883 1194 965 quidnam
1218 882 1278 945 dici
1297 893 1400 966 potest,

229 1001 417 1084 quamobrem
432 998 469 1062 C.
485 995 621 1060 Fabricio
636 995 796 1059 tolerabilis
807 1015 842 1055 ea
855 994 955 1071 tuerit,
973 992 1022 1055 alii
1037 1003 1148 1075 negent
1159 1013 1193 1055 se
1206 993 1288 1055 terre
1301 997 1402 1077 posset

230 1121 281 1177 st.
315 1110 393 1174 lluic
416 1109 505 1193 igitar
530 1108 614 1170 alteri
634 1106 736 1189 generi
758 1103 862 1183 similis
880 1115 925 1165 est
948 1104 1080 1166 naratio
1106 1102 1300 1180 eortsolandi,
1331 1124 1401 1186 quae

230 1223 316 1285 docet
339 1221 570 1296 humectasse,
600 1238 673 1301 quae
700 1215 871 1278 acciderint.
917 1211 988 1275 Non
1008 1212 1085 1275 enim
1109 1214 1203 1275 solum
1227 1213 1256 1276 id
1276 1215 1403 1276 continet

229 1351 263 1393 ea
284 1330 460 1415 disputatio,
486 1341 516 1391 ut
533 1327 730 1410 cognitionem
749 1326 854 1387 aderat
872 1323 991 1405 generis
1013 1323 1148 1401 humaui3
1179 1325 1232 1386 sed
1251 1324 1401 1408 significat,

230 1439 393 1503 tolerabilia
415 1460 501 1518 esse,
527 1459 601 1522 quae
625 1449 655 1500 et
678 1435 799 1498 tulerint
820 1444 850 1495 et
872 1435 968 1497 lerant
989 1433 1090 1497 ceteri.

313 1546 436 1613 XXIV.
485 1546 529 1611 De
545 1555 714 1630 paupertate
727 1545 840 1626 agitur3
865 1542 945 1605 multi
958 1543 1103 1626 patientes
1116 1564 1265 1628 pauperes
1280 1563 1403 1606 courme-
1440 1610 1442 1631 Ι

229 1671 392 1725 morantur.
438 1656 485 1719 De
509 1656 723 1718 contemnendo
742 1654 873 1730 ltonore3
906 1653 986 1715 ntulti
1009 1652 1178 1715 inhonorati
1203 1655 1400 1738 proteruntur,

138 1748 150 1769 ⁰
228 1769 388 1849 etquidem
404 1775 524 1850 propter
537 1764 571 1855 id
583 1764 677 1846 ipsum
692 1761 857 1841 beatiores,
883 1782 1062 1846 eorumque,
1086 1764 1135 1846 qni
1153 1764 1299 1848 privatum
1315 1764 1402 1825 otium
1424 1752 1442 1873 p'

228 1875 355 1959 negotiis
378 1873 499 1958 publicis
521 1873 740 1949 antetulernnt,
772 1871 944 1935 nominatim
964 1873 1026 1935 vita
1045 1872 1196 1949 laudatur,
1228 1894 1284 1937 nec
1304 1874 1402 1936 siletur
1414 1876 1426 1991 p

227 1985 295 2052 illud
309 1983 503 2070 potentissimi
519 1983 599 2067 regis
613 1995 804 2068 anapaestum
816 1986 843 2062 ¹,
866 1983 940 2064 qui²
954 1983 1052 2046 laudat
1065 2004 1168 2046 senem
1182 1994 1214 2046 et
1227 1974 1401 2047 fortunatum
1409 1994 1417 2071 ξ
1440 2044 1442 2055 ,

228 2116 295 2160 esse
311 2095 398 2173 dicit,
425 2095 500 2177 quod
518 2093 686 2177 inglorius³
703 2094 742 2156 sit
758 2103 845 2175 atque
862 2092 998 2175 ignobilis
1011 2094 1046 2156 ad
1059 2113 1229 2178 supremum
1246 2094 1319 2155 diem
1334 2078 1411 2177 per·-l

294 2274 393 2325 XXtV.
420 2275 432 2324 l
454 2274 549 2323 Paucae
566 2270 625 2321 edd.
642 2281 704 2321 vett.
720 2281 746 2323 et
759 2271 811 2322 duo
827 2270 966 2322 deteriores
983 2271 1056 2322 codd
1074 2275 1265 2334 amputationes.
1289 2272 1322 2321 Η.
1340 2271 1400 2320 aaa.

226 2340 284 2393 Ἰν.
301 2341 366 2392 Adn.
400 2341 464 2392 att.
481 2342 506 2390 P.
525 2349 590 2406 sept.
609 2343 671 2389 Oxx.
689 2340 758 2390 Mon.
775 2338 799 2389 2.
827 2340 893 2390 Gud.
910 2338 934 2392 2.
956 2339 1034 2390 hebd.
1052 2339 1138 2389 Duisb.
1154 2342 1313 2401 tnptmicstrs:
1337 2338 1401 2406 quod

227 2409 376 2461 vocabulum
394 2425 514 2476 nusquam
531 2425 571 2474 ap.
588 2408 692 2457 Latinos
709 2409 845 2474 scriptores
863 2408 961 2474 legitur.

226 2528 280 2559 rum
298 2522 382 2561 mente
398 2509 550 2576 disputavit,
577 2510 627 2559 hoc
644 2519 726 2559 autem
743 2508 801 2559 loco
826 2512 992 2572 anapaesticus
1008 2507 1117 2558 abstine-t
1136 2506 1242 2563 Ciceros
1268 2524 1341 2568 nam,
1366 2506 1399 2556 nti

225 2577 383 2639 Stoicorum,
416 2579 457 2644 qui
482 2576 663 2643 aegritudinem
688 2583 800 2627 recentem
826 2587 894 2627 recte
912 2575 1054 2626 observavit
1072 2578 1187 2638 Oreltitss,
1215 2586 1276 2626 ante
1293 2575 1400 2625 Serrium

225 2642 372 2708 opinionem
394 2647 477 2711 magni
500 2645 559 2695 mali
582 2645 721 2711 praeseutia
747 2662 801 2694 csse
826 2643 989 2694 etSidoniarn
1001 2643 1170 2711 Apollinarem
1181 2643 1245 2693 haec
1258 2644 1340 2694 forma
1353 2660 1399 2693 aon

224 2711 382 2767 annuebant,
401 2723 499 2761 secutus
517 2722 556 2761 est
574 2712 706 2761 rationem.
826 2711 851 2761 iu
869 2726 912 2760 mu
931 2711 1008 2761 fuisse
1023 2711 1131 2760 videtur.
1166 2710 1209 2761 Sic
1224 2728 1300 2778 supra
1317 2714 1347 2761 ll.
1365 2710 1400 2770 lb,

276 2777 351 2839 ,Μὰ
369 2781 445 2838 Saepe
458 2777 503 2843 est]
523 2780 566 2826 Est
582 2788 727 2828 tetrameter
742 2789 800 2829 tro·
825 2778 874 2831 37:
900 2796 948 2828 nec
964 2778 1097 2829 adhibetur
1120 2777 1170 2827 ulla
1192 2778 1248 2828 sine
1268 2782 1401 2841 mapatstis
1437 2792 1442 2823 ··

224 2844 322 2896 alanicus
340 2843 506 2894 catalecticus.
844 2845 930 2895 edibus
959 2846 1112 2897 adhortatio.
1155 2849 1270 2897 Daumius
1298 2845 1400 2897 contulit
1438 2830 1442 2869 ¹

274 2911 347 2980 §.til
366 2914 426 2962 ttut'c
441 2914 509 2961 atteri
524 2910 614 2978 penem]
633 2913 672 2960 Sc.
691 2928 738 2977 per
753 2929 798 2961 ex·
825 2863 926 2963 banaian.
951 2915 1016 2965 'l'.l.
1040 2931 1066 2980 p.
1084 2912 1129 2966 17:
1165 2908 1401 2972 ἀναπαίστοις

224 2982 307 3049 empta
323 2979 439 3031 tloceudi.
468 2978 533 3028 Nam
550 2979 604 3029 tere
619 2976 687 3028 idem
703 2988 741 3029 est
756 2979 799 3028 di·
824 2980 924 3045 μέτροις
939 2979 1094 3049 ἐποχουμένη
1111 2977 1144 3033 td
1159 2979 1249 3034 πολλά.
1275 2982 1331 3031 Pari
1344 2999 1399 3032 mc·

224 3067 293 3101 cere:
312 3048 354 3099 hic
368 3047 409 3098 vel
424 3046 468 3097 ille
481 3047 558 3100 bomo
573 3046 662 3097 infelix
676 3056 723 3106 est,
741 3057 796 3096 aut:
823 3047 856 3097 do
872 3047 991 3097 abstinuit
1009 3048 1096 3099 Cicero
1117 3048 1208 3099 fonnis
1230 3051 1400 3111 ptstoespttna

223 3118 337 3168 omnibus
353 3115 494 3167 horninibus
509 3115 600 3166 malurn
617 3114 731 3165 accidere
747 3131 797 3183 po-
823 3125 849 3164 et
863 3118 1017 3178 pht'totupteus
1034 3121 1067 3181 (v.
1084 3115 1213 3166 Adnotatu
1229 3125 1313 3167 nostra
1327 3115 1352 3165 in
1368 3114 1398 3163 V.

223 3195 287 3245 teet,
306 3202 366 3249 ergo
385 3185 460 3234 etiam
477 3184 532 3235 tibi.
566 3185 670 3235 Ntiditts.
822 3180 863 3243 ll,
882 3184 957 3245 tat).
974 3186 1082 3233 Ktutet'us
1094 3184 1126 3233 de
1136 3184 1181 3232 Gr.
1198 3184 1282 3233 sorma
1297 3178 1398 3237 dumat-

271 3255 424 3311 copnt'tt'unem
439 3256 530 3313 pesteris
545 3249 654 3318 bamam]
677 3251 713 3329 Η.
729 3267 751 3300 e.
768 3259 797 3329 ut
821 3245 909 3308 στικός
926 3249 1011 3299 attulit
1028 3253 1180 3331 Schoeterusa
1197 3250 1233 3301 ad
1247 3250 1353 3319 Dionys
1369 3250 1398 3301 de

222 3331 416 3447 eedbdiliitiidriis:
435 3317 796 3437 liiuliiiiiiiishdiubillaineilaili3
823 3316 1253 3454 condbiibudbllieulibilolleutleim
1268 3384 1395 3453 legendum

221 3449 266 3497 bus
283 3448 419 3500 obnoxium
436 3452 478 3502 sit.
822 3452 929 3503 coniecit
944 3468 991 3514 quo
1006 3469 1042 3503 sc.
1056 3464 1203 3519 anapaesto.
1239 3456 1275 3509 bt
1290 3453 1396 3503 omnium

272 3516 330 3564 Cae.
341 3519 439 3568 XXIV.
458 3522 490 3568 tte
505 3525 644 3582 paupertate
659 3521 749 3586 opttus]
769 3519 794 3569 si
822 3519 895 3569 codd.
918 3529 944 3568 ct
967 3518 1025 3568 edd.
1047 3522 1185 3587 scripturae
1213 3520 1312 3571 firmum
1332 3524 1396 3583 Wop-

220 3581 253 3630 dc
269 3593 416 3646 paupertate
432 3584 521 3647 agitur.
549 3587 580 3634 V.
598 3586 630 3633 ad
649 3589 678 3634 n.
698 3589 735 3645 ta,
752 3590 793 3637 tc.
821 3590 884 3639 bens.
902 3587 986 3636 Lectt.
1002 3587 1069 3638 Tull.
1090 3590 1108 3638 l.
1129 3590 1166 3638 lt').
1185 3605 1212 3654 p.
1229 3590 1276 3641 tta
1287 3605 1327 3655 sq.
1349 3605 1393 3654 ps·

267 3651 330 3710 repis
343 3652 510 3763 anapaestuntp
525 3650 717 3715 Agamemnonis
727 3653 795 3719 opud
821 3655 885 3704 ravit
902 3653 1051 3720 praesidium
1070 3654 1155 3706 multis
1172 3655 1290 3705 excitatis
1311 3672 1393 3706 erem·

199 3714 303 3782 'Eurip
319 3714 400 3780 lphig.
417 3714 443 3762 in
461 3720 517 3792 ΑΓΗ.
536 3734 558 3765 r.
578 3716 623 3767 15:
821 3722 881 3787 plis,
909 3722 934 3771 in
959 3721 1046 3789 quibus
1068 3723 1122 3789 pari
1144 3722 1245 3773 ratione
1265 3723 1393 3775 relatiuam

472 3781 549 3846 ζηλῶ
569 3798 613 3848 σε,
631 3783 711 3849 γέρον,
817 3805 867 3838 stou
883 3790 914 3838 ad
930 3788 1119 3846 substantivum,
1137 3808 1152 3839 a
1170 3807 1222 3857 qno
1238 3790 1332 3857 pendet
1345 3806 1392 3855 ge-

285 3852 363 3920 Ζηλῶ
382 3845 406 3904 δ’
422 3842 520 3914 ἀνδρῶν
538 3843 568 3908 dt
585 3844 713 3904 statuturos
816 3854 914 3915 nitirus,
932 3857 977 3906 sed
993 3856 1025 3906 ad
1039 3858 1177 3922 genitivum
1192 3857 1276 3924 ipsum
1291 3856 1391 3908 relatam

282 3921 342 3975 Bias
359 3911 490 3984 discipata
508 3911 607 3985 ἀγνώς,
625 3912 730 3984 disistit.
815 3933 861 3971 est.
898 3923 939 3972 Sic
958 3942 1032 3990 supra
1050 3942 1071 3974 c.
1083 3928 1130 3985 2¹2,
1149 3926 1189 3977 st.
1209 3925 1329 3991 legimus:
1349 3929 1392 3988 (bp-

218 3992 378 4050 anapaestum
393 3999 432 4038 est
444 4003 529 4036 versus
544 4002 574 4034 ex
586 3988 725 4052 anapaestis
742 4005 790 4055 pe·
814 3995 961 4041 renatcorunt
978 4002 1055 4041 restat
1072 3996 1199 4054 sententia,
1220 3996 1262 4057 qut
1278 4003 1333 4043 tram
1349 4011 1392 4043 ae·

216 4052 289 4102 dibus
303 4055 465 4122 compositus,
484 4065 511 4104 ut
523 4057 563 4103 Or.
579 4051 621 4113 dli,
639 4051 700 4105 190:
720 4058 789 4121 (ver·
814 4056 964 4121 gritudinem
987 4066 1077 4109 censent
1095 4060 1214 4109 exsistere
1238 4071 1289 4111 etc.
1326 4061 1388 4111 tarn

216 4119 266 4181 sus)
286 4121 418 4189 plerosque
434 4122 553 4183 senarios,
569 4119 613 4170 sed
633 4121 708 4171 etiarn
724 4138 787 4173 aaa·
814 4126 857 4173 tv.
873 4127 897 4188 5,
917 4129 958 4175 tc:
977 4133 1075 4176 onmem
1089 4130 1158 4177 ittam
1172 4126 1291 4193 equidem
1305 4130 1387 4189 Ms-

213 4192 304 4249 poeste.
340 4187 417 4236 thia:
437 4192 473 4238 lta
492 4191 572 4239 fractus
590 4196 790 4251 est'anopaestas
813 4207 884 4254 purae
907 4193 1030 4259 primurn,
1059 4194 1151 4244 deinde
1173 4198 1284 4246 Platonis
1305 4196 1388 4247 domi·

214 4252 249 4313 is,
277 4252 319 4319 qui
340 4254 537 4318 Aristophaneus
562 4254 716 4306 nominatur:
747 4257 789 4307 ubi
812 4263 914 4320 pittonem
940 4278 1043 4327 sequar,
1076 4266 1116 4325 qui
1141 4261 1253 4311 animum
1279 4262 1306 4312 in
1330 4261 1389 4311 duas

214 4324 256 4369 Or.
273 4337 404 4386 perperam
423 4321 500 4370 edidit
523 4328 696 4385 anapaesticus.
731 4324 786 4375 Fiu.
813 4337 896 4391 partes
921 4328 1045 4377 dividunt.
1081 4329 1112 4379 V.
1133 4329 1170 4387 li.
1188 4331 1237 4381 st:
1264 4346 1318 4397 qno
1334 4328 1390 4380 loco

212 4389 243 4438 ll.
260 4386 285 4449 6,
303 4387 347 4439 ld:
368 4387 466 4445 Graeci,
484 4389 524 4454 qui
540 4389 589 4437 hoc
604 4398 733 4451 anapaesta
748 4392 785 4440 ci·
813 4410 919 4459 quaero,
938 4412 1013 4460 quam
1029 4395 1079 4445 rim
1094 4395 1187 4446 habeat
1201 4400 1265 4447 libra
1280 4401 1326 4447 t'tta
1341 4400 1392 4449 tbi·

212 4464 309 4507 tantur:
328 4455 369 4505 ubl
386 4461 542 4515 “mitandum
560 4458 598 4521 (at
615 4456 659 4504 Gr.
677 4454 706 4509 τὸ
725 4453 786 4513 αἰά-
811 4464 883 4519 total,
893 4465 934 4522 qut
950 4478 1025 4527 quum
1042 4463 1066 4513 in
1082 4462 1186 4514 alteram
1201 4463 1302 4515 lancem
1318 4463 1394 4515 animi

211 4541 327 4585 παιοτον,
353 4520 385 4575 τὰ
401 4516 553 4588 ἀνάπαιστα)
580 4533 617 4573 est
638 4541 737 4575 carmen
755 4544 785 4575 ex
812 4528 877 4577 bona
893 4526 1007 4593 imponat
1024 4541 1098 4581 cett:
1117 4532 1159 4581 ubi
1177 4550 1200 4583 r.
1218 4531 1285 4585 Adn.
1304 4534 1336 4583 V.
1353 4529 1392 4591 li.

210 4591 349 4661 anapaestis
374 4589 548 4658 compositum.
585 4592 675 4642 Forma
702 4604 784 4645 autem
810 4592 856 4645 40:
876 4597 976 4647 Laconis
991 4601 1051 4647 illud
1069 4602 1157 4649 dictum
1175 4628 1208 4639 —-
1225 4604 1275 4661 qut.
