2888 5512
578 592 701 643 ninsn
721 597 763 644 rv.
784 593 830 657 ²5,
848 596 889 647 to.
1256 589 1316 655 367

138 711 253 777 enudus
270 730 329 773 aon
343 729 462 793 semper
475 710 568 772 iratus
581 721 644 788 est,
663 713 794 789 taceam
817 715 877 775 iam
893 715 1007 779 ridebis
1021 718 1179 782 turerrtem.
1219 720 1319 804 Quid?

140 823 200 887 ista
214 819 354 885 bellatrix
374 818 544 898 iracundia,
570 842 656 902 quum
677 821 794 883 domum
812 823 915 901 rediit,
948 827 1041 908 qualis
1059 838 1104 891 est
1124 851 1189 893 cunr
1206 852 1316 911 uxore,

138 953 205 997 um
222 930 341 1008 bbere,
373 950 439 991 cum
462 929 593 991 familia?
616 951 652 991 an
671 941 730 992 tum
746 953 861 1014 quoque
880 946 927 997 est
945 936 1045 998 utilis?
1089 937 1145 1001 Est
1159 940 1249 1023 igitur
1264 944 1317 1005 ali-

135 1042 225 1125 quid,
257 1040 335 1123 quod
358 1038 529 1123 perturbata
547 1060 630 1102 mens
653 1040 755 1102 molins
782 1044 874 1125 possit
897 1045 1013 1122 lacere,
1043 1069 1129 1129 quam
1158 1054 1318 1115 constans?

135 1173 176 1217 an
196 1150 351 1234 quisquam
378 1159 476 1233 potest
501 1149 566 1211 sine
588 1150 809 1232 perturbatione
835 1154 942 1215 mentis
965 1154 1076 1218 irasci?
1120 1155 1204 1221 Bene
1226 1159 1318 1243 igitur

136 1262 253 1339 nostri,
276 1280 365 1344 quum
385 1259 484 1321 omnia
499 1270 601 1321 essent
621 1259 650 1321 iu
669 1260 893 1324 *ηιονίὺαεΗ
913 1263 1002 1341 vitia,
1027 1267 1103 1347 quod
1123 1268 1233 1331 nullum
1252 1282 1318 1333 erat

136 1370 292 1435 iracundia
310 1368 447 1445 -loedius,
470 1369 628 1430 iracundos
651 1370 731 1431 solos
753 1375 921 1435 ηιονοεοεὖ
947 1375 1186 1439 nominaverunt.

224 1476 333 1543 XXV.
380 1488 433 1542 55.
457 1474 618 1541 Oratorem
635 1500 709 1541 vero
729 1479 816 1543 irasci
836 1482 954 1545 minimo
975 1485 1075 1562 decet,
1099 1486 1241 1550 simulare
1258 1510 1316 1552 uon

137 1589 301 1655 dedecet¹.
348 1587 397 1651 An
415 1587 467 1649 tibi
487 1588 575 1650 irasci
593 1599 651 1649 tum
670 1588 821 1666 videmur,
846 1612 932 1672 quum
951 1594 1017 1674 quid
1039 1594 1071 1655 in
1087 1596 1200 1659 caussis
1218 1601 1316 1662 aerina

138 1711 170 1763 ct
186 1697 393 1763 vehementius
407 1696 554 1759 dicimus?
576 1697 664 1780 quid?
686 1719 774 1781 quum
788 1698 845 1761 ianr
865 1700 954 1763 robus
968 1705 1125 1766 transactis
1140 1717 1170 1767 et
1185 1719 1316 1789 praetcr-

135 1808 193 1873 itia
207 1806 358 1871 orationes
371 1805 540 1883 scribimus,
563 1807 712 1870 nominati
726 1808 902 1871 scribimus?
940 1810 1081 1895 Ecquam
1097 1812 1158 1875 loc
1170 1816 1318 1880 unimod-

137 1917 272 1982 rmit?
301 1916 438 1981 ducite!
458 1937 527 1980 num
541 1928 593 1979 aut
607 1916 705 1999 egisse
722 1939 848 2002 unquam
863 1920 970 1983 iratum
985 1921 1155 2006 Aesopum,
1179 1935 1229 1986 ant
1243 1925 1317 1987 scri·

209 2126 227 2178 1
244 2126 288 2177 sie
304 2126 404 2193 egregie
419 2125 487 2177 coni.
508 2128 537 2177 D.
553 2137 580 2177 et
593 2128 629 2178 sic
644 2128 708 2177 Gud.
721 2128 761 2187 2,
780 2128 868 2179 eodem
883 2130 952 2180 ducit
968 2148 1016 2181 scr.
1033 2135 1141 2194 morbus,
1159 2151 1222 2200 quiae
1237 2145 1275 2184 est
1290 2136 1316 2186 in

139 2198 170 2247 ll.
185 2214 201 2246 a
217 2212 256 2261 pr.
276 2212 311 2245 m.
328 2194 396 2245 Gud.
413 2194 434 2243 l.
456 2194 487 2242 ll.
513 2193 614 2251 Duisb.;
639 2194 727 2261 reliqui
748 2200 842 2246 morbis.
884 2197 960 2246 usic
975 2200 1017 2247 Or.
1037 2217 1058 2248 c.
1077 2199 1106 2247 ll.
1123 2202 1149 2249 P.
1168 2202 1225 2251 Vat.
1242 2202 1316 2254 Fabr.

141 2263 247 2315 Cantab-
263 2263 377 2312 l'etrens.
393 2279 407 2310 a
422 2278 462 2327 pr.
476 2278 509 2310 m.
525 2261 612 2313 Duisb.
631 2260 712 2313 Marb.
730 2278 781 2312 uno
797 2266 842 2311 Ox.
859 2263 933 2313 codd.
952 2264 1014 2315 Lall.
1038 2282 1085 2329 pro
1099 2267 1166 2331 vulg.
1183 2272 1316 2321 nimbosas:

137 2330 209 2421 pund
225 2330 344 2381 nimirum
358 2339 440 2379 crtum
455 2339 495 2378 est
509 2346 540 2378 ex
554 2346 631 2396 prava
646 2347 694 2379 scr.
712 2334 800 2380 morbis
813 2347 858 2395 pro
875 2334 986 2379 moribus.
1021 2332 1106 2381 XXV.
1143 2334 1231 2383 lVat.
1247 2336 1276 2386 li.
1289 2337 1316 2385 P.

138 2398 207 2451 trud.
228 2396 252 2447 1.
269 2398 302 2447 ll.
317 2395 410 2463 aliique
426 2412 471 2463 per
485 2413 595 2447 emonem
615 2412 663 2447 nun
677 2399 749 2447 decet.
791 2394 892 2457 tatii,
919 2397 994 2447 etium
1012 2398 1041 2447 ll.
1063 2400 1088 2448 P.
1104 2399 1169 2449 Gud.
1189 2399 1211 2449 1.
1229 2400 1272 2464 b.,
1289 2405 1319 2451 Et

135 2470 200 2531 aar.

138 2582 187 2633 buc
202 2581 360 2633 efficiebant:
382 2582 473 2633 ficu
489 2581 564 2631 animi
580 2581 715 2647 perturba·
741 2583 878 2633 schrinlten
897 2583 939 2633 dio
959 2584 1021 2633 licie
1040 2586 1177 2651 Berregung
1200 2585 1245 2635 der
1264 2588 1318 2635 Ge-

138 2650 226 2701 tionea
240 2648 407 2703 morbisuntr
424 2648 466 2715 qni
483 2659 567 2697 autem
583 2647 609 2698 in
627 2649 715 2699 morbo
742 2649 853 2711 nialitit,
877 2650 918 2699 die
934 2651 987 2701 sich
1004 2650 1067 2701 iiber
1084 2650 1125 2701 die
1143 2652 1313 2704 bestehcnden

138 2726 217 2779 aunt,
233 2714 287 2767 nui
301 2732 351 2767 uon
368 2724 443 2774 atrnt;
462 2715 530 2783 atqui
546 2715 717 2782 insipientium
743 2716 850 2766 Geretae
867 2716 913 2765 der
927 2718 1024 2779 Ktrnst,
1043 2717 1088 2767 dea
1100 2719 1254 2780 Anstandea,
1273 2721 1319 2770 der

136 2783 228 2845 animi,
245 2782 301 2851 qnia
314 2793 373 2833 sant
387 2782 617 2849 perturbationibus
633 2782 716 2832 obnn-
743 2782 897 2833 Sittlichlreit
926 2784 1023 2849 hinwrg
1053 2794 1146 2839 solata·¹
1188 2789 1318 2837 Doederlr'rr.

138 2851 190 2912 xii,
216 2850 243 2901 in
259 2850 351 2903 morbo
368 2860 440 2899 snut:
466 2866 527 2915 ergo
549 2867 635 2900 omnes
652 2848 715 2899 insi·
743 2852 881 2917 Synonyrn.
899 2850 1010 2901 anlll.
1031 2868 1054 2917 p.
1067 2848 1167 2921 ²341sp

140 2919 240 2987 pieutct
254 2916 417 2968 insaniannt.
449 2917 489 2967 Cl'.
506 2934 580 2982 supra
596 2914 716 2976 ltt.l‚9.
795 2918 854 2967 Gar.
868 2919 954 2967 XXV.
972 2919 994 2983 §
1005 2920 1045 2968 δι’).
1064 2922 1197 2985 Otfllwtm]
1218 2918 1259 2972 Cf.
1279 2920 1317 2984 19,

141 2991 224 3053 Atque
239 2985 289 3035 hac
305 2983 407 3051 quidem
424 2985 520 3034 canone
536 2996 605 3033 recte
621 2994 647 3033 et
663 2983 718 3033 sinc
740 2978 801 3045 ὣς
826 2989 938 3035 simulare
961 3002 996 3034 sc.
1014 2986 1085 3035 iram.
1119 2986 1158 3036 De
1174 3004 1226 3055 seq.
1243 3003 1276 3038 on
1293 3006 1316 3038 v.

139 3050 191 3103 ath
221 3051 389 3121 perennitate
419 3050 569 3101 concludere
598 3059 718 3117 poterent
742 3050 777 3103 ad
792 3052 837 3101 ill.
857 3054 885 3113 l,
905 3054 927 3103 l.

139 3118 234 3181 Stoici,
260 3134 350 3171 omues
370 3117 517 3185 incipientes
539 3119 640 3169 insanos
656 3134 719 3167 esse.
793 3124 1050 3171 iomrcbustrunsuatr's
1064 3128 1085 3171 et
1095 3136 1134 3185 pr.
1146 3138 1180 3173 or.
1193 3122 1252 3190 acu]
1268 3123 1319 3183 „de

139 3189 193 3239 lm
207 3204 278 3245 vern,
296 3184 401 3236 remotis
417 3186 645 3266 perturbationibus
661 3203 717 3235 nra-
742 3189 799 3237 Sen.
814 3189 853 3249 ll,
863 3188 909 3239 aa:
930 3204 1069 3239 caussarum
1082 3190 1224 3247 illustrium,
1242 3206 1318 3253 quas-

141 3255 257 3322 a'ncquc
264 3251 404 3313 asmata,
419 3271 446 3321 ¹¹².
457 3270 504 3320 qua
516 3252 649 3319 praecipue
661 3253 717 3302 aui·
743 3272 839 3321 cunque
856 3254 968 3315 delendi,
989 3274 1055 3305 iruna
1073 3256 1237 3304 ctrmmaxime
1255 3270 1319 3302 con-

140 3340 195 3373 mura
203 3320 370 3403 perturbatus
384 3319 473 3375 elucet,
492 3320 560 3370 nullo
573 3319 650 3369 modo
663 3319 718 3370 lieri
743 3321 949 3372 bcioorationes.
976 3321 1082 3369 ttreittch
1095 3319 1197 3367 worden
1211 3319 1253 3367 die
1269 3319 1319 3366 lle-

138 3398 240 3458 potmt.
265 3386 381 3439 utictaur
395 3388 545 3438 sententiam
559 3388 717 3454 proferrem
743 3388 791 3437 den
801 3388 888 3451 gewisc
898 3387 1084 3451 grassentheils‚
1102 3386 1149 3433 elie
1158 3385 1194 3433 sie
1203 3383 1319 3449 gehnlten

137 3454 441 3575 ammi}
444 3455 492 3522 ipsi
506 3454 595 3571 inpiapid
603 3453 717 3533 luissent.
743 3455 859 3570 superdea,
886 3452 1028 3568 ⁸{i3npstmh
1053 3452 1208 3568 errtpotrlpn,
1236 3450 1321 3569 rpiitdwer

444 3540 519 3572 .e.a
550 3540 564 3570 u
598 3537 719 3580 a,rnau·
744 3538 804 3571 aer
829 3536 899 3568 eren
922 3537 945 3569 rc
988 3536 1087 3567 auseur
1110 3536 1188 3576 ere3
1216 3534 1272 3567 man

137 3591 197 3641 <lita
212 3590 308 3639 dicere.
338 3521 414 3641 laub·
427 3600 557 3655 comparat
576 3588 609 3637 ud
626 3594 676 3637 Att.
692 3585 719 3650 4,
746 3536 1319 3651 wuardenbberauchnrffgerrWirhtiglreitdes

141 3657 174 3710 7:
198 3660 428 3708 mammulae
446 3657 473 3722 (i.
489 3674 511 3706 e.
529 3657 719 3720 inexspectata).
746 3654 935 3720 Gegenstnndes
952 3653 1075 3702 bisneilen
1091 3652 1171 3719 gleich
1188 3655 1319 3719 obgelruen

139 3724 176 3776 ib.
194 3722 228 3785 9,
248 3724 295 3773 lt:
318 3730 421 3775 mim
434 3730 552 3786 nonunt,
575 3740 639 3789 quae
658 3721 720 3771 falsa
746 3740 771 3771 u.
789 3721 915 3770 vielleiclrt
938 3721 1024 3786 spiiter
1047 3720 1117 3769 nicht
1135 3732 1185 3769 urst
1201 3739 1319 3786 rrrrsgeur-

140 3799 327 3858 oesepomnt.
359 3790 393 3841 ad
410 3792 458 3851 Qu.
474 3792 552 3848 Fal,
567 3790 597 3842 6:
615 3796 720 3840 manure
746 3789 833 3839 beitet.
867 3788 925 3853 Vgl.
944 3787 970 3837 C.
989 3805 1026 3853 pr.
1045 3788 1088 3839 Cn.
1105 3788 1187 3837 Plane.
1204 3789 1254 3848 30,
1272 3788 1318 3841 74:

138 3861 302 3923 mulam·
327 3856 596 3920 fficpmmneunm
615 3874 637 3909 r.
653 3857 687 3906 ad
702 3858 720 3907 l.
746 3855 865 3907 recitetur
882 3854 977 3915 oratio,
1004 3872 1066 3921 quae
1090 3867 1195 3922 propter
1212 3856 1247 3905 rei
1264 3874 1320 3907 ma-

138 3922 173 3987 6,
193 3926 233 3977 ll.
747 3922 1135 3990 gnitudinenrdictudescripto
1152 3931 1217 3974 est.“
1244 3928 1321 3974 lllolr.

190 3996 261 4045 b'trttc
275 3992 368 4056 omem]
386 3990 417 4042 V.
431 3990 496 4042 adn.
512 3991 537 4041 in
558 3993 600 4042 lll.
618 3993 648 4051 1,
665 3990 690 4040 2.
747 3989 820 4040 Adde
837 3994 865 4040 F.
876 3995 904 4040 Α.
921 3994 1027 4052 Wolfium
1048 3990 1073 4040 in
1091 3992 1171 4057 praed.
1190 3992 1222 4041 ad
1240 4009 1277 4042 or.
1296 4008 1320 4055 p.

191 4066 219 4109 ul
235 4060 301 4109 mult
316 4061 379 4109 clm
395 4074 461 4109 amne
476 4058 586 4126 coenum]
608 4060 642 4109 Ut
661 4075 720 4108 ακ-
747 4060 783 4107 Μ.
801 4057 921 4108 blurcello
938 4076 963 4124 p.
977 4059 1038 4107 XVl
1050 4076 1101 4125 seq.

141 4142 201 4177 unm
220 4142 274 4175 non
290 4142 390 4205 cuper
411 4126 477 4177 rude
501 4126 567 4186 olet,
593 4137 620 4175 at
644 4142 720 4193 quum
795 4129 924 4188 Ecquis—
937 4126 1048 4192 uincitell
1067 4128 1111 4175 Est
1124 4123 1246 4191 particula
1262 4138 1322 4170 ver-

138 4200 302 4245 commotum
314 4203 378 4257 ent,
396 4194 515 4244 continuo
534 4193 637 4243 foedum
654 4192 719 4243 odo-
745 4208 786 4242 sus
802 4210 831 4242 ex
848 4192 916 4242 Accii
932 4197 1009 4242 atreo
1029 4202 1129 4257 sumpta
1153 4200 1187 4253 tr.
1203 4187 1236 4236 de
1253 4190 1322 4239 Orat.

137 4276 198 4311 rem
213 4258 326 4324 spungiis
338 4256 482 4313 hrauimus
498 4261 656 4326 perturbatus
670 4276 719 4308 non
748 4260 791 4308 lll.
806 4260 847 4318 aa,
863 4259 946 4321 Μ),
973 4259 1014 4308 nbi
1023 4296 1028 4315 ,
1048 4268 1075 4306 ut
1092 4256 1200 4321 explicat
1217 4256 1322 4316 Melius,

137 4342 248 4392 semper
261 4318 412 4445 anum
427 4345 503 4395 quum
518 4328 649 4379 lacessitus
664 4326 720 4388 erit,
747 4324 834 4391 aliquia
851 4325 927 4375 iratus
951 4326 1048 4375 cuidam
1069 4324 1227 4372 facinoroso:
1256 4323 1323 4385 Oris,

138 4392 267 4453 minuo
284 4390 311 4441 iu
413 4412 437 4445 m
455 4395 585 4461 abripitur.
747 4392 842 4459 inquit,
865 4396 909 4443 boc
933 4395 1027 4455 socians
1048 4392 1127 4439 uidet
1154 4394 1216 4453 cpite
1233 4396 1254 4439 et
1270 4394 1323 4441 uin·

189 4460 311 4527 maor]
336 4460 423 4515 denec.
444 4462 477 4512 de
495 4465 533 4512 Ira
551 4465 577 4523 l,
596 4457 626 4512 4:
653 4462 723 4510 later
746 4465 809 4512 dum
824 4475 876 4510 cum
892 4462 1016 4509 coenaret
1048 4457 1161 4523 [Orelliua
1176 4457 1223 4506 sic:
1243 4458 1324 4508 Struit

141 4526 252 4595 Μ’(ιο.
266 4526 411 4587 iracundos]
429 4545 547 4581 moranum
562 4546 640 4597 ponas
654 4527 722 4587 licat,
748 4526 818 4579 nieht
843 4527 924 4593 gleich
952 4524 1026 4574 Einer
1054 4525 1119 4573 dieas
1147 4523 1322 4591 [Vergehenil

141 4592 280 4647 delicatum
303 4593 449 4647 iracundiae
466 4613 550 4661 genua.
587 4596 626 4646 Cl.
645 4595 672 4645 C.
691 4595 723 4645 de
748 4594 848 4645 Schnell
865 4592 1123 4658 werdcergestralt!
1150 4591 1323 4657 llindetilrnll

142 4664 208 4715 &tta
220 4665 267 4723 18,
284 4661 328 4715 65.
363 4665 436 4721 „Der
452 4678 559 4715 mmcsus
575 4664 654 4714 kannt
672 4662 723 4711 und
748 4663 818 4713 llaec
839 4660 897 4711 irati
922 4659 1029 4711 hominis
1047 4661 1123 4712 rerba
1145 4679 1193 4712 nec
1210 4666 1324 4726 Aesopus

139 4728 228 4783 scatet
244 4729 291 4781 das
307 4730 498 4791 Herkommen,
522 4745 625 4793 martur,
648 4729 724 4781 mias-
750 4730 837 4781 histrio
855 4746 961 4796 unquam
980 4729 1031 4796 egit
1055 4729 1145 4790 iratus,
1172 4745 1219 4777 nec
1236 4725 1325 4777 Accius

139 4796 222 4865 hltigt
239 4796 302 4861 jede
314 4797 489 4863 Abwciclrung
506 4796 588 4849 &rou
605 4798 657 4849 und
675 4798 723 4847 be-
748 4795 876 4863 scripsisse
901 4796 1078 4848 existimandus
1103 4806 1142 4845 est
1160 4795 1254 4847 irntnsr
1279 4789 1324 4841 sed

139 4864 263 4919 tdna'nkt
281 4864 400 4915 desslralb
425 4864 489 4915 oder
512 4862 610 4915 acheint
626 4884 657 4915 zu
675 4864 722 4916 br·
750 4874 854 4931 interque
871 4864 932 4914 iram
950 4863 1083 4914 simularit.
