<?xml version="1.0" encoding="UTF-8"?>
<!DOCTYPE html PUBLIC "-//W3C//DTD XHTML 1.0 Transitional//EN"
    "http://www.w3.org/TR/xhtml1/DTD/xhtml1-transitional.dtd">
<html xmlns="http://www.w3.org/1999/xhtml" xml:lang="en" lang="en">
 <head>
  <title>
</title>
<meta http-equiv="Content-Type" content="text/html;charset=utf-8" />
  <meta name='ocr-system' content='tesseract 3.04.00' />
  <meta name='ocr-capabilities' content='ocr_page ocr_carea ocr_par ocr_line ocrx_word'/>
</head>
<body>
  <div class='ocr_page' id='page_1' title='image "./mtulliiciceroni00khgoog_0055.png"; bbox 0 0 2888 5512; ppageno 0'>
   <div class='ocr_carea' id='block_1_1' title="bbox 215 276 929 347">
    <p class='ocr_par' dir='ltr' id='par_1_1' title="bbox 215 276 929 347">
     <span class='ocr_line' id='line_1_1' title="bbox 215 276 929 347; baseline 0 -13"><span class='ocrx_word' id='word_1_1' title='bbox 215 276 259 347; x_wconf 70' lang='lat' dir='ltr'><strong>ne</strong></span> <span class='ocrx_word' id='word_1_2' title='bbox 669 285 929 337; x_wconf 75' lang='lat' dir='ltr'><strong>anacreontem.</strong></span> 
     </span>
    </p>
   </div>
   <div class='ocr_carea' id='block_1_2' title="bbox 147 406 1438 4457">
    <p class='ocr_par' dir='ltr' id='par_1_2' title="bbox 217 406 1397 792">
     <span class='ocr_line' id='line_1_2' title="bbox 217 406 1394 494; baseline -0.007 -21"><span class='ocrx_word' id='word_1_3' title='bbox 217 415 382 494; x_wconf 81' lang='lat' dir='ltr'><strong>opinatum.</strong></span> <span class='ocrx_word' id='word_1_4' title='bbox 427 414 504 490; x_wconf 85' lang='lat' dir='ltr'><strong>Ergo</strong></span> <span class='ocrx_word' id='word_1_5' title='bbox 520 411 577 469; x_wconf 86' lang='lat' dir='ltr'><strong>iata</strong></span> <span class='ocrx_word' id='word_1_6' title='bbox 598 410 774 487; x_wconf 79' lang='lat' dir='ltr'><strong>rreeopinata</strong></span> <span class='ocrx_word' id='word_1_7' title='bbox 793 429 854 467; x_wconf 89' lang='lat' dir='ltr'><strong>nen</strong></span> <span class='ocrx_word' id='word_1_8' title='bbox 875 407 986 466; x_wconf 92' lang='lat' dir='ltr'><strong>hahent</strong></span> <span class='ocrx_word' id='word_1_9' title='bbox 1004 416 1116 465; x_wconf 88' lang='lat' dir='ltr'><strong>tantam</strong></span> <span class='ocrx_word' id='word_1_10' title='bbox 1132 406 1208 481; x_wconf 85' lang='lat' dir='ltr'><strong>rim,</strong></span> <span class='ocrx_word' id='word_1_11' title='bbox 1238 417 1274 465; x_wconf 88' lang='lat' dir='ltr'><strong>ut</strong></span> <span class='ocrx_word' id='word_1_12' title='bbox 1293 409 1394 486; x_wconf 85' lang='lat' dir='ltr'><strong>aegri·</strong></span> 
     </span>
     <span class='ocr_line' id='line_1_3' title="bbox 218 509 1395 587; baseline -0.006 -12"><span class='ocrx_word' id='word_1_13' title='bbox 218 514 295 579; x_wconf 82' lang='lat' dir='ltr'><strong>tudo</strong></span> <span class='ocrx_word' id='word_1_14' title='bbox 311 534 348 573; x_wconf 84' lang='lat' dir='ltr'><strong>ax</strong></span> <span class='ocrx_word' id='word_1_15' title='bbox 361 513 402 571; x_wconf 91' lang='lat' dir='ltr'><strong>eis</strong></span> <span class='ocrx_word' id='word_1_16' title='bbox 418 512 514 574; x_wconf 89' lang='lat' dir='ltr'><strong>omnis</strong></span> <span class='ocrx_word' id='word_1_17' title='bbox 530 512 662 586; x_wconf 80' lang='lat' dir='ltr'><strong>oriatur,</strong></span> <span class='ocrx_word' id='word_1_18' title='bbox 691 511 805 569; x_wconf 88' lang='lat' dir='ltr'><strong>feriunt</strong></span> <span class='ocrx_word' id='word_1_19' title='bbox 826 510 945 586; x_wconf 91' lang='lat' dir='ltr'><strong>quidem</strong></span> <span class='ocrx_word' id='word_1_20' title='bbox 962 509 1086 567; x_wconf 89' lang='lat' dir='ltr'><strong>fortasse</strong></span> <span class='ocrx_word' id='word_1_21' title='bbox 1102 509 1241 587; x_wconf 84' lang='lat' dir='ltr'><strong>gravius,</strong></span> <span class='ocrx_word' id='word_1_22' title='bbox 1263 510 1316 567; x_wconf 88' lang='lat' dir='ltr'><strong>sed</strong></span> <span class='ocrx_word' id='word_1_23' title='bbox 1332 531 1395 568; x_wconf 92' lang='lat' dir='ltr'><strong>non</strong></span> 
     </span>
     <span class='ocr_line' id='line_1_4' title="bbox 218 610 1397 690; baseline -0.003 -17"><span class='ocrx_word' id='word_1_24' title='bbox 218 615 251 681; x_wconf 90' lang='lat' dir='ltr'><strong>id</strong></span> <span class='ocrx_word' id='word_1_25' title='bbox 270 614 418 690; x_wconf 83' lang='lat' dir='ltr'><strong>efficiunt,</strong></span> <span class='ocrx_word' id='word_1_26' title='bbox 447 624 484 674; x_wconf 89' lang='lat' dir='ltr'><strong>ut</strong></span> <span class='ocrx_word' id='word_1_27' title='bbox 499 633 545 687; x_wconf 87' lang='lat' dir='ltr'><strong>ea,</strong></span> <span class='ocrx_word' id='word_1_28' title='bbox 573 633 649 690; x_wconf 88' lang='lat' dir='ltr'><strong>quae</strong></span> <span class='ocrx_word' id='word_1_29' title='bbox 661 612 815 686; x_wconf 88' lang='lat' dir='ltr'><strong>accidant,</strong></span> <span class='ocrx_word' id='word_1_30' title='bbox 845 611 957 669; x_wconf 89' lang='lat' dir='ltr'><strong>maiora</strong></span> <span class='ocrx_word' id='word_1_31' title='bbox 976 610 1152 686; x_wconf 76' lang='lat' dir='ltr'><strong>videantur,</strong></span> <span class='ocrx_word' id='word_1_32' title='bbox 1179 610 1248 688; x_wconf 90' lang='lat' dir='ltr'><strong>quia</strong></span> <span class='ocrx_word' id='word_1_33' title='bbox 1263 611 1397 671; x_wconf 82' lang='lat' dir='ltr'><strong>recentia</strong></span> 
     </span>
     <span class='ocr_line' id='line_1_5' title="bbox 218 712 1001 792; baseline -0.004 -19"><span class='ocrx_word' id='word_1_34' title='bbox 218 726 306 792; x_wconf 78' lang='lat' dir='ltr'><strong>sinit,</strong></span> <span class='ocrx_word' id='word_1_35' title='bbox 327 716 439 775; x_wconf 86' lang='lat' dir='ltr'><strong>maiore</strong></span> <span class='ocrx_word' id='word_1_36' title='bbox 460 715 618 789; x_wconf 85' lang='lat' dir='ltr'><strong>videntur,</strong></span> <span class='ocrx_word' id='word_1_37' title='bbox 642 735 720 788; x_wconf 90' lang='lat' dir='ltr'><strong>non,</strong></span> <span class='ocrx_word' id='word_1_38' title='bbox 741 713 812 791; x_wconf 88' lang='lat' dir='ltr'><strong>quia</strong></span> <span class='ocrx_word' id='word_1_39' title='bbox 834 712 1001 792; x_wconf 86' lang='lat' dir='ltr'><strong>repentina.</strong></span> 
     </span>
    </p>

    <p class='ocr_par' dir='ltr' id='par_1_3' title="bbox 216 813 1438 1607">
     <span class='ocr_line' id='line_1_6' title="bbox 303 813 1431 895; baseline -0.006 -19"><span class='ocrx_word' id='word_1_40' title='bbox 303 818 406 895; x_wconf 86' lang='lat' dir='ltr'><strong>ltaque</strong></span> <span class='ocrx_word' id='word_1_41' title='bbox 430 818 572 895; x_wconf 87' lang='lat' dir='ltr'><strong>quoniam</strong></span> <span class='ocrx_word' id='word_1_42' title='bbox 599 838 657 877; x_wconf 88' lang='lat' dir='ltr'><strong>non</strong></span> <span class='ocrx_word' id='word_1_43' title='bbox 686 817 749 895; x_wconf 91' lang='lat' dir='ltr'><strong>ipsa</strong></span> <span class='ocrx_word' id='word_1_44' title='bbox 773 814 971 887; x_wconf 68' lang='lat' dir='ltr'><strong>diuturnitas,</strong></span> <span class='ocrx_word' id='word_1_45' title='bbox 1000 813 1050 872; x_wconf 91' lang='lat' dir='ltr'><strong>sed</strong></span> <span class='ocrx_word' id='word_1_46' title='bbox 1074 813 1215 891; x_wconf 77' lang='lat' dir='ltr'>cogitatio</span> <span class='ocrx_word' id='word_1_47' title='bbox 1237 813 1394 889; x_wconf 87' lang='lat' dir='ltr'><strong>diuturna,</strong></span> <span class='ocrx_word' id='word_1_48' title='bbox 1425 858 1431 869; x_wconf 94' lang='lat'><em>.</em></span> 
     </span>
     <span class='ocr_line' id='line_1_7' title="bbox 219 914 1394 994; baseline -0.001 -18"><span class='ocrx_word' id='word_1_49' title='bbox 219 918 298 983; x_wconf 87' lang='lat' dir='ltr'><strong>nihil</strong></span> <span class='ocrx_word' id='word_1_50' title='bbox 314 940 374 978; x_wconf 89' lang='lat' dir='ltr'><strong>esse</strong></span> <span class='ocrx_word' id='word_1_51' title='bbox 391 920 423 978; x_wconf 95' lang='lat' dir='ltr'><strong>in</strong></span> <span class='ocrx_word' id='word_1_52' title='bbox 440 940 473 978; x_wconf 89' lang='lat' dir='ltr'><strong>re</strong></span> <span class='ocrx_word' id='word_1_53' title='bbox 489 919 573 993; x_wconf 91' lang='lat' dir='ltr'><strong>mali,</strong></span> <span class='ocrx_word' id='word_1_54' title='bbox 600 919 700 977; x_wconf 90' lang='lat' dir='ltr'><strong>dolori</strong></span> <span class='ocrx_word' id='word_1_55' title='bbox 718 916 865 982; x_wconf 75' lang='lat' dir='ltr'><strong>rnetletur:</strong></span> <span class='ocrx_word' id='word_1_56' title='bbox 894 926 1123 975; x_wconf 88' lang='lat' dir='ltr'><strong>consentaneum</strong></span> <span class='ocrx_word' id='word_1_57' title='bbox 1141 926 1200 990; x_wconf 91' lang='lat' dir='ltr'><strong>est,</strong></span> <span class='ocrx_word' id='word_1_58' title='bbox 1231 927 1281 991; x_wconf 91' lang='lat' dir='ltr'><strong>ut,</strong></span> <span class='ocrx_word' id='word_1_59' title='bbox 1313 914 1394 994; x_wconf 89' lang='lat' dir='ltr'><strong>quod</strong></span> 
     </span>
     <span class='ocr_line' id='line_1_8' title="bbox 218 1017 1394 1097; baseline -0.003 -16"><span class='ocrx_word' id='word_1_60' title='bbox 218 1040 290 1081; x_wconf 87' lang='lat' dir='ltr'><strong>usus</strong></span> <span class='ocrx_word' id='word_1_61' title='bbox 306 1021 406 1095; x_wconf 88' lang='lat' dir='ltr'><strong>decet,</strong></span> <span class='ocrx_word' id='word_1_62' title='bbox 429 1021 461 1079; x_wconf 93' lang='lat' dir='ltr'><strong>id</strong></span> <span class='ocrx_word' id='word_1_63' title='bbox 481 1021 599 1079; x_wconf 92' lang='lat' dir='ltr'><strong>ratione</strong></span> <span class='ocrx_word' id='word_1_64' title='bbox 615 1019 714 1077; x_wconf 90' lang='lat' dir='ltr'><strong>statim</strong></span> <span class='ocrx_word' id='word_1_65' title='bbox 732 1018 957 1097; x_wconf 89' lang='lat' dir='ltr'><strong>praecipiamus.</strong></span> <span class='ocrx_word' id='word_1_66' title='bbox 1001 1017 1120 1096; x_wconf 79' lang='lat' dir='ltr'>Duplex</span> <span class='ocrx_word' id='word_1_67' title='bbox 1136 1026 1179 1075; x_wconf 88' lang='lat' dir='ltr'><strong>est</strong></span> <span class='ocrx_word' id='word_1_68' title='bbox 1198 1028 1296 1077; x_wconf 89' lang='lat' dir='ltr'><strong>autem</strong></span> <span class='ocrx_word' id='word_1_69' title='bbox 1315 1018 1394 1077; x_wconf 84' lang='lat' dir='ltr'><strong>ratio</strong></span> 
     </span>
     <span class='ocr_line' id='line_1_9' title="bbox 218 1118 1393 1201; baseline 0 -22"><span class='ocrx_word' id='word_1_70' title='bbox 218 1123 283 1180; x_wconf 89' lang='lat' dir='ltr'><strong>veri</strong></span> <span class='ocrx_word' id='word_1_71' title='bbox 300 1123 482 1201; x_wconf 74' lang='lat' dir='ltr'><strong>reperiendi,</strong></span> <span class='ocrx_word' id='word_1_72' title='bbox 505 1143 573 1180; x_wconf 90' lang='lat' dir='ltr'><strong>nam</strong></span> <span class='ocrx_word' id='word_1_73' title='bbox 586 1132 639 1180; x_wconf 88' lang='lat' dir='ltr'><strong>aut</strong></span> <span class='ocrx_word' id='word_1_74' title='bbox 650 1121 746 1199; x_wconf 90' lang='lat' dir='ltr'><strong>ipsius</strong></span> <span class='ocrx_word' id='word_1_75' title='bbox 762 1119 805 1177; x_wconf 90' lang='lat' dir='ltr'><strong>rei</strong></span> <span class='ocrx_word' id='word_1_76' title='bbox 821 1130 931 1179; x_wconf 89' lang='lat' dir='ltr'><strong>natura</strong></span> <span class='ocrx_word' id='word_1_77' title='bbox 947 1118 1043 1195; x_wconf 88' lang='lat' dir='ltr'><strong>qualis</strong></span> <span class='ocrx_word' id='word_1_78' title='bbox 1058 1128 1087 1176; x_wconf 90' lang='lat' dir='ltr'><strong>et</strong></span> <span class='ocrx_word' id='word_1_79' title='bbox 1101 1129 1215 1196; x_wconf 87' lang='lat' dir='ltr'><strong>quanta</strong></span> <span class='ocrx_word' id='word_1_80' title='bbox 1228 1120 1278 1194; x_wconf 87' lang='lat' dir='ltr'><strong>ait,</strong></span> <span class='ocrx_word' id='word_1_81' title='bbox 1301 1139 1393 1197; x_wconf 83' lang='lat' dir='ltr'><strong>quae·</strong></span> 
     </span>
     <span class='ocr_line' id='line_1_10' title="bbox 216 1221 1391 1302; baseline -0.001 -21"><span class='ocrx_word' id='word_1_82' title='bbox 216 1222 326 1296; x_wconf 88' lang='lat' dir='ltr'><strong>rimus,</strong></span> <span class='ocrx_word' id='word_1_83' title='bbox 358 1233 411 1281; x_wconf 91' lang='lat' dir='ltr'><strong>aut</strong></span> <span class='ocrx_word' id='word_1_84' title='bbox 431 1245 447 1280; x_wconf 93' lang='lat' dir='ltr'><strong>a</strong></span> <span class='ocrx_word' id='word_1_85' title='bbox 472 1224 645 1302; x_wconf 87' lang='lat' dir='ltr'><strong>disputandi</strong></span> <span class='ocrx_word' id='word_1_86' title='bbox 667 1222 831 1279; x_wconf 76' lang='lat' dir='ltr'><strong>subtilitate</strong></span> <span class='ocrx_word' id='word_1_87' title='bbox 856 1221 1021 1279; x_wconf 87' lang='lat' dir='ltr'><strong>orationem</strong></span> <span class='ocrx_word' id='word_1_88' title='bbox 1041 1221 1079 1278; x_wconf 88' lang='lat' dir='ltr'><strong>ad</strong></span> <span class='ocrx_word' id='word_1_89' title='bbox 1099 1221 1233 1299; x_wconf 82' lang='lat' dir='ltr'><strong>exernpla</strong></span> <span class='ocrx_word' id='word_1_90' title='bbox 1255 1221 1391 1281; x_wconf 87' lang='lat' dir='ltr'><strong>traduci·</strong></span> 
     </span>
     <span class='ocr_line' id='line_1_11' title="bbox 216 1321 1438 1399; baseline 0.001 -19"><span class='ocrx_word' id='word_1_91' title='bbox 216 1342 291 1381; x_wconf 88' lang='lat' dir='ltr'><strong>mus.</strong></span> <span class='ocrx_word' id='word_1_92' title='bbox 314 1344 340 1383; x_wconf 83' lang='lat' dir='ltr'><strong>c.</strong></span> <span class='ocrx_word' id='word_1_93' title='bbox 359 1330 410 1385; x_wconf 74' lang='lat'><strong>23.</strong></span> <span class='ocrx_word' id='word_1_94' title='bbox 431 1330 483 1385; x_wconf 76' lang='lat'><strong>24·</strong></span> <span class='ocrx_word' id='word_1_95' title='bbox 526 1324 682 1383; x_wconf 83' lang='lat' dir='ltr'><strong>Resellitur</strong></span> <span class='ocrx_word' id='word_1_96' title='bbox 703 1323 883 1396; x_wconf 71' lang='lat' dir='ltr'>Carneaden,</span> <span class='ocrx_word' id='word_1_97' title='bbox 914 1322 965 1398; x_wconf 90' lang='lat' dir='ltr'><strong>qui</strong></span> <span class='ocrx_word' id='word_1_98' title='bbox 987 1321 1171 1399; x_wconf 88' lang='lat' dir='ltr'><strong>propositam</strong></span> <span class='ocrx_word' id='word_1_99' title='bbox 1195 1322 1393 1381; x_wconf 86' lang='lat' dir='ltr'><strong>necessitatem</strong></span> <span class='ocrx_word' id='word_1_100' title='bbox 1435 1355 1438 1363; x_wconf 90' lang='lat'>·</span> 
     </span>
     <span class='ocr_line' id='line_1_12' title="bbox 216 1423 1390 1499; baseline 0 -17"><span class='ocrx_word' id='word_1_101' title='bbox 216 1425 397 1484; x_wconf 88' lang='lat' dir='ltr'><strong>conditionis</strong></span> <span class='ocrx_word' id='word_1_102' title='bbox 413 1426 561 1484; x_wconf 82' lang='lat' dir='ltr'><strong>humanae</strong></span> <span class='ocrx_word' id='word_1_103' title='bbox 575 1426 939 1499; x_wconf 88' lang='lat' dir='ltr'><strong>eounnemorationemque</strong></span> <span class='ocrx_word' id='word_1_104' title='bbox 954 1423 1121 1481; x_wconf 87' lang='lat' dir='ltr'><strong>alienorum</strong></span> <span class='ocrx_word' id='word_1_105' title='bbox 1133 1423 1280 1481; x_wconf 90' lang='lat' dir='ltr'><strong>malorum</strong></span> <span class='ocrx_word' id='word_1_106' title='bbox 1296 1424 1333 1482; x_wconf 88' lang='lat' dir='ltr'><strong>ad</strong></span> <span class='ocrx_word' id='word_1_107' title='bbox 1349 1423 1390 1483; x_wconf 81' lang='lat' dir='ltr'><strong>le·</strong></span> 
     </span>
     <span class='ocr_line' id='line_1_13' title="bbox 217 1520 1225 1607; baseline -0.001 -23"><span class='ocrx_word' id='word_1_108' title='bbox 217 1525 345 1601; x_wconf 77' lang='lat' dir='ltr'><strong>rendam</strong></span> <span class='ocrx_word' id='word_1_109' title='bbox 367 1528 582 1607; x_wconf 80' lang='lat' dir='ltr'><strong>aegritudinem</strong></span> <span class='ocrx_word' id='word_1_110' title='bbox 604 1529 756 1606; x_wconf 87' lang='lat' dir='ltr'><strong>pertinere</strong></span> <span class='ocrx_word' id='word_1_111' title='bbox 779 1526 912 1603; x_wconf 84' lang='lat' dir='ltr'><strong>negabat.</strong></span> <span class='ocrx_word' id='word_1_112' title='bbox 937 1546 963 1581; x_wconf 91' lang='lat' dir='ltr'><strong>c.</strong></span> <span class='ocrx_word' id='word_1_113' title='bbox 981 1530 1032 1583; x_wconf 75' lang='lat'><strong>25.</strong></span> <span class='ocrx_word' id='word_1_114' title='bbox 1052 1520 1084 1602; x_wconf 78' lang='lat'>§</span> <span class='ocrx_word' id='word_1_115' title='bbox 1103 1530 1154 1585; x_wconf 80' lang='lat'><strong>59.</strong></span> <span class='ocrx_word' id='word_1_116' title='bbox 1172 1530 1225 1587; x_wconf 83' lang='grc'><strong>60.</strong></span> 
     </span>
    </p>

    <p class='ocr_par' dir='ltr' id='par_1_4' title="bbox 215 1626 1395 2115">
     <span class='ocr_line' id='line_1_14' title="bbox 302 1626 1392 1707; baseline 0 -21"><span class='ocrx_word' id='word_1_117' title='bbox 302 1628 362 1686; x_wconf 87' lang='lat' dir='ltr'><strong>lam</strong></span> <span class='ocrx_word' id='word_1_118' title='bbox 378 1629 483 1687; x_wconf 86' lang='lat' dir='ltr'><strong>Cicero</strong></span> <span class='ocrx_word' id='word_1_119' title='bbox 499 1629 579 1687; x_wconf 89' lang='lat' dir='ltr'><strong>redit</strong></span> <span class='ocrx_word' id='word_1_120' title='bbox 595 1628 633 1685; x_wconf 89' lang='lat' dir='ltr'><strong>ad</strong></span> <span class='ocrx_word' id='word_1_121' title='bbox 649 1626 825 1685; x_wconf 88' lang='lat' dir='ltr'><strong>seutentiam</strong></span> <span class='ocrx_word' id='word_1_122' title='bbox 841 1645 935 1703; x_wconf 87' lang='lat' dir='ltr'><strong>supra</strong></span> <span class='ocrx_word' id='word_1_123' title='bbox 949 1645 965 1681; x_wconf 88' lang='lat' dir='ltr'><strong>a</strong></span> <span class='ocrx_word' id='word_1_124' title='bbox 982 1645 1013 1682; x_wconf 90' lang='lat' dir='ltr'><strong>se</strong></span> <span class='ocrx_word' id='word_1_125' title='bbox 1033 1626 1235 1703; x_wconf 77' lang='lat' dir='ltr'><strong>propositam,</strong></span> <span class='ocrx_word' id='word_1_126' title='bbox 1256 1628 1392 1707; x_wconf 83' lang='lat' dir='ltr'><strong>aegritu-</strong></span> 
     </span>
     <span class='ocr_line' id='line_1_15' title="bbox 215 1726 1394 1808; baseline 0.003 -23"><span class='ocrx_word' id='word_1_127' title='bbox 215 1726 295 1788; x_wconf 89' lang='lat' dir='ltr'><strong>dinis</strong></span> <span class='ocrx_word' id='word_1_128' title='bbox 313 1748 446 1789; x_wconf 80' lang='lat' dir='ltr'><strong>caussam</strong></span> <span class='ocrx_word' id='word_1_129' title='bbox 463 1729 575 1787; x_wconf 91' lang='lat' dir='ltr'><strong>nullam</strong></span> <span class='ocrx_word' id='word_1_130' title='bbox 597 1728 683 1786; x_wconf 88' lang='lat' dir='ltr'><strong>aliam</strong></span> <span class='ocrx_word' id='word_1_131' title='bbox 702 1747 780 1803; x_wconf 90' lang='lat' dir='ltr'><strong>esse,</strong></span> <span class='ocrx_word' id='word_1_132' title='bbox 808 1726 866 1785; x_wconf 91' lang='lat' dir='ltr'><strong>nisi</strong></span> <span class='ocrx_word' id='word_1_133' title='bbox 883 1726 1055 1804; x_wconf 86' lang='lat' dir='ltr'><strong>opinionem</strong></span> <span class='ocrx_word' id='word_1_134' title='bbox 1073 1736 1103 1787; x_wconf 88' lang='lat' dir='ltr'><strong>et</strong></span> <span class='ocrx_word' id='word_1_135' title='bbox 1127 1727 1274 1787; x_wconf 89' lang='lat' dir='ltr'><strong>iudicium</strong></span> <span class='ocrx_word' id='word_1_136' title='bbox 1297 1729 1394 1808; x_wconf 87' lang='lat' dir='ltr'><strong>magni</strong></span> 
     </span>
     <span class='ocr_line' id='line_1_16' title="bbox 215 1828 1395 1909; baseline 0.006 -26"><span class='ocrx_word' id='word_1_137' title='bbox 215 1828 381 1904; x_wconf 87' lang='lat' dir='ltr'><strong>praesentis</strong></span> <span class='ocrx_word' id='word_1_138' title='bbox 400 1839 490 1906; x_wconf 89' lang='lat' dir='ltr'><strong>atqua</strong></span> <span class='ocrx_word' id='word_1_139' title='bbox 508 1831 640 1909; x_wconf 89' lang='lat' dir='ltr'><strong>urgentis</strong></span> <span class='ocrx_word' id='word_1_140' title='bbox 657 1829 740 1888; x_wconf 88' lang='lat' dir='ltr'><strong>mali:</strong></span> <span class='ocrx_word' id='word_1_141' title='bbox 768 1849 827 1906; x_wconf 92' lang='lat' dir='ltr'><strong>qua</strong></span> <span class='ocrx_word' id='word_1_142' title='bbox 846 1828 965 1906; x_wconf 88' lang='lat' dir='ltr'><strong>quidem</strong></span> <span class='ocrx_word' id='word_1_143' title='bbox 981 1848 1083 1887; x_wconf 91' lang='lat' dir='ltr'><strong>caussa</strong></span> <span class='ocrx_word' id='word_1_144' title='bbox 1102 1829 1269 1906; x_wconf 85' lang='lat' dir='ltr'><strong>intellecta,</strong></span> <span class='ocrx_word' id='word_1_145' title='bbox 1300 1840 1395 1891; x_wconf 88' lang='lat' dir='ltr'><strong>totam</strong></span> 
     </span>
     <span class='ocr_line' id='line_1_17' title="bbox 215 1929 1395 2010; baseline 0.004 -24"><span class='ocrx_word' id='word_1_146' title='bbox 215 1929 432 2008; x_wconf 85' lang='lat' dir='ltr'><strong>aegritudinem</strong></span> <span class='ocrx_word' id='word_1_147' title='bbox 444 1931 529 1990; x_wconf 86' lang='lat' dir='ltr'><strong>evelli</strong></span> <span class='ocrx_word' id='word_1_148' title='bbox 545 1952 641 2010; x_wconf 88' lang='lat' dir='ltr'><strong>posse.</strong></span> <span class='ocrx_word' id='word_1_149' title='bbox 662 1929 693 2010; x_wconf 78' lang='lat'><strong>§.</strong></span> <span class='ocrx_word' id='word_1_150' title='bbox 709 1936 761 1991; x_wconf 88' lang='grc'><strong>61.</strong></span> <span class='ocrx_word' id='word_1_151' title='bbox 804 1930 861 1989; x_wconf 87' lang='lat' dir='ltr'><strong>Sed</strong></span> <span class='ocrx_word' id='word_1_152' title='bbox 880 1931 918 1989; x_wconf 90' lang='lat' dir='ltr'><strong>ad</strong></span> <span class='ocrx_word' id='word_1_153' title='bbox 932 1929 1010 1988; x_wconf 87' lang='lat' dir='ltr'><strong>hanc</strong></span> <span class='ocrx_word' id='word_1_154' title='bbox 1025 1930 1197 2009; x_wconf 87' lang='lat' dir='ltr'><strong>opinionem</strong></span> <span class='ocrx_word' id='word_1_155' title='bbox 1212 1933 1282 1991; x_wconf 91' lang='lat' dir='ltr'><strong>mali</strong></span> <span class='ocrx_word' id='word_1_156' title='bbox 1300 1952 1395 2010; x_wconf 86' lang='lat' dir='ltr'><strong>quum</strong></span> 
     </span>
     <span class='ocr_line' id='line_1_18' title="bbox 215 2028 1394 2115; baseline 0.002 -24"><span class='ocrx_word' id='word_1_157' title='bbox 215 2028 267 2090; x_wconf 77' lang='lat' dir='ltr'><strong>illa</strong></span> <span class='ocrx_word' id='word_1_158' title='bbox 287 2030 376 2093; x_wconf 73' lang='lat' dir='ltr'><strong>eliam</strong></span> <span class='ocrx_word' id='word_1_159' title='bbox 392 2032 496 2111; x_wconf 88' lang='lat' dir='ltr'><strong>opinio</strong></span> <span class='ocrx_word' id='word_1_160' title='bbox 514 2035 649 2109; x_wconf 84' lang='lat' dir='ltr'><strong>accessit,</strong></span> <span class='ocrx_word' id='word_1_161' title='bbox 676 2033 722 2091; x_wconf 84' lang='lat' dir='ltr'><strong>ad</strong></span> <span class='ocrx_word' id='word_1_162' title='bbox 739 2035 880 2112; x_wconf 77' lang='lat' dir='ltr'><strong>officium</strong></span> <span class='ocrx_word' id='word_1_163' title='bbox 892 2036 1059 2109; x_wconf 76' lang='lat' dir='ltr'><strong>pertinere,</strong></span> <span class='ocrx_word' id='word_1_164' title='bbox 1084 2035 1169 2110; x_wconf 80' lang='lat' dir='ltr'><strong>ferre</strong></span> <span class='ocrx_word' id='word_1_165' title='bbox 1187 2034 1274 2093; x_wconf 78' lang='lat' dir='ltr'><strong>illud</strong></span> <span class='ocrx_word' id='word_1_166' title='bbox 1289 2056 1394 2115; x_wconf 81' lang='lat' dir='ltr'><strong>aegre,</strong></span> 
     </span>
    </p>

    <p class='ocr_par' dir='ltr' id='par_1_5' title="bbox 147 2133 1396 3932">
     <span class='ocr_line' id='line_1_19' title="bbox 216 2133 1394 2214; baseline 0.005 -23"><span class='ocrx_word' id='word_1_167' title='bbox 216 2134 298 2210; x_wconf 83' lang='lat' dir='ltr'><strong>quod</strong></span> <span class='ocrx_word' id='word_1_168' title='bbox 314 2135 479 2193; x_wconf 78' lang='lat' dir='ltr'><strong>acciderit:</strong></span> <span class='ocrx_word' id='word_1_169' title='bbox 508 2144 572 2195; x_wconf 86' lang='lat' dir='ltr'><strong>tum</strong></span> <span class='ocrx_word' id='word_1_170' title='bbox 587 2135 716 2213; x_wconf 91' lang='lat' dir='ltr'><strong>denique</strong></span> <span class='ocrx_word' id='word_1_171' title='bbox 730 2134 860 2194; x_wconf 87' lang='lat' dir='ltr'><strong>efficitur</strong></span> <span class='ocrx_word' id='word_1_172' title='bbox 875 2134 927 2191; x_wconf 91' lang='lat' dir='ltr'><strong>illa</strong></span> <span class='ocrx_word' id='word_1_173' title='bbox 941 2133 1041 2211; x_wconf 88' lang='lat' dir='ltr'><strong>gravis</strong></span> <span class='ocrx_word' id='word_1_174' title='bbox 1054 2134 1251 2212; x_wconf 87' lang='lat' dir='ltr'><strong>aegritudinis</strong></span> <span class='ocrx_word' id='word_1_175' title='bbox 1266 2146 1394 2214; x_wconf 88' lang='lat' dir='ltr'><strong>pertur-</strong></span> 
     </span>
     <span class='ocr_line' id='line_1_20' title="bbox 147 2220 1395 2316; baseline 0.005 -25"><span class='ocrx_word' id='word_1_176' title='bbox 147 2220 153 2225; x_wconf 59' lang='grc'><strong>’</strong></span> <span class='ocrx_word' id='word_1_177' title='bbox 215 2234 308 2293; x_wconf 87' lang='lat' dir='ltr'><strong>batio.</strong></span> <span class='ocrx_word' id='word_1_178' title='bbox 352 2237 495 2314; x_wconf 84' lang='lat' dir='ltr'><strong>Exempla</strong></span> <span class='ocrx_word' id='word_1_179' title='bbox 512 2237 682 2296; x_wconf 79' lang='lat' dir='ltr'><strong>afferuntur</strong></span> <span class='ocrx_word' id='word_1_180' title='bbox 706 2237 742 2295; x_wconf 90' lang='lat' dir='ltr'><strong>de</strong></span> <span class='ocrx_word' id='word_1_181' title='bbox 761 2236 915 2295; x_wconf 90' lang='lat' dir='ltr'><strong>hominum</strong></span> <span class='ocrx_word' id='word_1_182' title='bbox 937 2234 1037 2293; x_wconf 85' lang='lat' dir='ltr'><strong>dolori</strong></span> <span class='ocrx_word' id='word_1_183' title='bbox 1058 2245 1088 2294; x_wconf 89' lang='lat' dir='ltr'><strong>et</strong></span> <span class='ocrx_word' id='word_1_184' title='bbox 1104 2235 1201 2296; x_wconf 91' lang='lat' dir='ltr'><strong>luctui</strong></span> <span class='ocrx_word' id='word_1_185' title='bbox 1218 2237 1395 2316; x_wconf 85' lang='lat' dir='ltr'><strong>indulgendi</strong></span> 
     </span>
     <span class='ocr_line' id='line_1_21' title="bbox 215 2335 1394 2416; baseline 0.008 -24"><span class='ocrx_word' id='word_1_186' title='bbox 215 2335 423 2411; x_wconf 81' lang='lat' dir='ltr'><strong>proclivitate,</strong></span> <span class='ocrx_word' id='word_1_187' title='bbox 450 2357 466 2397; x_wconf 89' lang='lat' dir='ltr'><strong>e</strong></span> <span class='ocrx_word' id='word_1_188' title='bbox 489 2338 599 2414; x_wconf 88' lang='lat' dir='ltr'><strong>quibus</strong></span> <span class='ocrx_word' id='word_1_189' title='bbox 623 2338 857 2396; x_wconf 83' lang='lat' dir='ltr'><strong>luculentissime</strong></span> <span class='ocrx_word' id='word_1_190' title='bbox 880 2346 1020 2416; x_wconf 88' lang='lat' dir='ltr'><strong>apparet,</strong></span> <span class='ocrx_word' id='word_1_191' title='bbox 1050 2337 1207 2397; x_wconf 82' lang='lat' dir='ltr'><strong>voluntate</strong></span> <span class='ocrx_word' id='word_1_192' title='bbox 1227 2349 1257 2399; x_wconf 94' lang='lat' dir='ltr'><strong>et</strong></span> <span class='ocrx_word' id='word_1_193' title='bbox 1279 2340 1394 2402; x_wconf 88' lang='lat' dir='ltr'><strong>iudicio</strong></span> 
     </span>
     <span class='ocr_line' id='line_1_22' title="bbox 215 2435 1396 2516; baseline 0.011 -24"><span class='ocrx_word' id='word_1_194' title='bbox 215 2435 327 2514; x_wconf 83' lang='lat' dir='ltr'><strong>suscipi</strong></span> <span class='ocrx_word' id='word_1_195' title='bbox 342 2438 573 2515; x_wconf 83' lang='lat' dir='ltr'><strong>aegritudinem,</strong></span> <span class='ocrx_word' id='word_1_196' title='bbox 596 2458 682 2516; x_wconf 84' lang='lat' dir='ltr'><strong>saepe</strong></span> <span class='ocrx_word' id='word_1_197' title='bbox 698 2448 780 2497; x_wconf 88' lang='lat' dir='ltr'><strong>certo</strong></span> <span class='ocrx_word' id='word_1_198' title='bbox 797 2439 939 2516; x_wconf 89' lang='lat' dir='ltr'><strong>temporis</strong></span> <span class='ocrx_word' id='word_1_199' title='bbox 955 2439 1053 2516; x_wconf 88' lang='lat' dir='ltr'><strong>spatio</strong></span> <span class='ocrx_word' id='word_1_200' title='bbox 1070 2439 1241 2515; x_wconf 89' lang='lat' dir='ltr'><strong>terminari,</strong></span> <span class='ocrx_word' id='word_1_201' title='bbox 1263 2451 1297 2501; x_wconf 88' lang='lat' dir='ltr'><strong>et</strong></span> <span class='ocrx_word' id='word_1_202' title='bbox 1309 2442 1396 2505; x_wconf 76' lang='lat' dir='ltr'><strong>stiam</strong></span> 
     </span>
     <span class='ocr_line' id='line_1_23' title="bbox 214 2535 1393 2621; baseline 0.011 -30"><span class='ocrx_word' id='word_1_203' title='bbox 214 2535 303 2599; x_wconf 69' lang='lat' dir='ltr'><strong>enimi</strong></span> <span class='ocrx_word' id='word_1_204' title='bbox 325 2539 583 2614; x_wconf 79' lang='lat' dir='ltr'><strong>perturbationem</strong></span> <span class='ocrx_word' id='word_1_205' title='bbox 611 2540 668 2599; x_wconf 91' lang='lat' dir='ltr'><strong>alia</strong></span> <span class='ocrx_word' id='word_1_206' title='bbox 691 2540 758 2598; x_wconf 88' lang='lat' dir='ltr'><strong>tolli</strong></span> <span class='ocrx_word' id='word_1_207' title='bbox 780 2560 874 2617; x_wconf 89' lang='lat' dir='ltr'><strong>posse.</strong></span> <span class='ocrx_word' id='word_1_208' title='bbox 925 2541 1005 2617; x_wconf 85' lang='lat' dir='ltr'><strong>Ergo</strong></span> <span class='ocrx_word' id='word_1_209' title='bbox 1031 2542 1197 2619; x_wconf 82' lang='lat' dir='ltr'><strong>aegritmlo</strong></span> <span class='ocrx_word' id='word_1_210' title='bbox 1226 2548 1393 2621; x_wconf 77' lang='lat' dir='ltr'><strong>opinionis,</strong></span> 
     </span>
     <span class='ocr_line' id='line_1_24' title="bbox 214 2641 1393 2722; baseline 0.008 -27"><span class='ocrx_word' id='word_1_211' title='bbox 214 2656 275 2696; x_wconf 82' lang='lat' dir='ltr'><strong>uon</strong></span> <span class='ocrx_word' id='word_1_212' title='bbox 296 2650 429 2701; x_wconf 81' lang='lat' dir='ltr'><strong>naturae</strong></span> <span class='ocrx_word' id='word_1_213' title='bbox 448 2652 492 2699; x_wconf 86' lang='lat' dir='ltr'><strong>est</strong></span> <span class='ocrx_word' id='word_1_214' title='bbox 514 2644 642 2700; x_wconf 73' lang='lat' dir='ltr'><strong>rizelam.</strong></span> <span class='ocrx_word' id='word_1_215' title='bbox 688 2641 778 2712; x_wconf 84' lang='lat' dir='ltr'><strong>Quod</strong></span> <span class='ocrx_word' id='word_1_216' title='bbox 803 2641 844 2699; x_wconf 88' lang='lat' dir='ltr'><strong>ita</strong></span> <span class='ocrx_word' id='word_1_217' title='bbox 866 2661 942 2714; x_wconf 87' lang='lat' dir='ltr'><strong>esse,</strong></span> <span class='ocrx_word' id='word_1_218' title='bbox 973 2641 1169 2701; x_wconf 87' lang='lat' dir='ltr'><strong>confirmatur</strong></span> <span class='ocrx_word' id='word_1_219' title='bbox 1190 2644 1280 2703; x_wconf 90' lang='lat' dir='ltr'><strong>etiam</strong></span> <span class='ocrx_word' id='word_1_220' title='bbox 1302 2649 1331 2722; x_wconf 85' lang='lat' dir='ltr'><strong>a)</strong></span> <span class='ocrx_word' id='word_1_221' title='bbox 1348 2668 1393 2722; x_wconf 92' lang='lat' dir='ltr'><strong>eo,-</strong></span> 
     </span>
     <span class='ocr_line' id='line_1_25' title="bbox 214 2737 1393 2822; baseline 0.011 -27"><span class='ocrx_word' id='word_1_222' title='bbox 214 2737 297 2814; x_wconf 89' lang='lat' dir='ltr'><strong>quod</strong></span> <span class='ocrx_word' id='word_1_223' title='bbox 318 2738 394 2798; x_wconf 91' lang='lat' dir='ltr'><strong>nihil</strong></span> <span class='ocrx_word' id='word_1_224' title='bbox 410 2742 478 2820; x_wconf 89' lang='lat' dir='ltr'><strong>plus</strong></span> <span class='ocrx_word' id='word_1_225' title='bbox 494 2743 575 2802; x_wconf 86' lang='lat' dir='ltr'><strong>valet</strong></span> <span class='ocrx_word' id='word_1_226' title='bbox 589 2742 626 2801; x_wconf 88' lang='lat' dir='ltr'><strong>ad</strong></span> <span class='ocrx_word' id='word_1_227' title='bbox 643 2743 813 2821; x_wconf 88' lang='lat' dir='ltr'><strong>ponendum</strong></span> <span class='ocrx_word' id='word_1_228' title='bbox 827 2742 977 2816; x_wconf 86' lang='lat' dir='ltr'><strong>dolorem,</strong></span> <span class='ocrx_word' id='word_1_229' title='bbox 1000 2762 1195 2822; x_wconf 84' lang='lat' dir='ltr'><strong>quamquam</strong></span> <span class='ocrx_word' id='word_1_230' title='bbox 1210 2756 1256 2805; x_wconf 84' lang='lat' dir='ltr'><strong>est</strong></span> <span class='ocrx_word' id='word_1_231' title='bbox 1271 2747 1393 2807; x_wconf 86' lang='lat' dir='ltr'><strong>intelle-</strong></span> 
     </span>
     <span class='ocr_line' id='line_1_26' title="bbox 215 2840 1392 2925; baseline 0.01 -28"><span class='ocrx_word' id='word_1_232' title='bbox 215 2847 311 2914; x_wconf 87' lang='lat' dir='ltr'><strong>ctum,</strong></span> <span class='ocrx_word' id='word_1_233' title='bbox 334 2840 410 2910; x_wconf 81' lang='lat' dir='ltr'><strong>nihil</strong></span> <span class='ocrx_word' id='word_1_234' title='bbox 426 2843 533 2922; x_wconf 88' lang='lat' dir='ltr'><strong>profici</strong></span> <span class='ocrx_word' id='word_1_235' title='bbox 546 2864 581 2903; x_wconf 91' lang='lat' dir='ltr'><strong>eo</strong></span> <span class='ocrx_word' id='word_1_236' title='bbox 598 2855 628 2903; x_wconf 91' lang='lat' dir='ltr'><strong>et</strong></span> <span class='ocrx_word' id='word_1_237' title='bbox 642 2846 755 2904; x_wconf 86' lang='lat' dir='ltr'><strong>frustra</strong></span> <span class='ocrx_word' id='word_1_238' title='bbox 774 2865 835 2903; x_wconf 89' lang='lat' dir='ltr'><strong>esse</strong></span> <span class='ocrx_word' id='word_1_239' title='bbox 854 2854 1038 2923; x_wconf 86' lang='lat' dir='ltr'><strong>susceptum,</strong></span> <span class='ocrx_word' id='word_1_240' title='bbox 1060 2845 1092 2924; x_wconf 88' lang='lat' dir='ltr'><strong>b)</strong></span> <span class='ocrx_word' id='word_1_241' title='bbox 1110 2848 1208 2924; x_wconf 88' lang='lat' dir='ltr'><strong>quod,</strong></span> <span class='ocrx_word' id='word_1_242' title='bbox 1232 2850 1284 2925; x_wconf 92' lang='lat' dir='ltr'><strong>qui</strong></span> <span class='ocrx_word' id='word_1_243' title='bbox 1299 2850 1392 2909; x_wconf 86' lang='lat' dir='ltr'><strong>multa</strong></span> 
     </span>
     <span class='ocr_line' id='line_1_27' title="bbox 214 2939 1393 3030; baseline 0.01 -32"><span class='ocrx_word' id='word_1_244' title='bbox 214 2939 274 3003; x_wconf 90' lang='lat' dir='ltr'><strong>sint</strong></span> <span class='ocrx_word' id='word_1_245' title='bbox 287 2962 373 3021; x_wconf 85' lang='lat' dir='ltr'><strong>saepe</strong></span> <span class='ocrx_word' id='word_1_246' title='bbox 385 2946 532 3024; x_wconf 86' lang='lat' dir='ltr'><strong>perpessi,</strong></span> <span class='ocrx_word' id='word_1_247' title='bbox 562 2946 678 3005; x_wconf 78' lang='lat' dir='ltr'><strong>facilius</strong></span> <span class='ocrx_word' id='word_1_248' title='bbox 694 2947 810 3021; x_wconf 89' lang='lat' dir='ltr'><strong>ferunt,</strong></span> <span class='ocrx_word' id='word_1_249' title='bbox 838 2946 982 3026; x_wconf 88' lang='lat' dir='ltr'><strong>quiequid</strong></span> <span class='ocrx_word' id='word_1_250' title='bbox 1000 2947 1125 3021; x_wconf 89' lang='lat' dir='ltr'><strong>accidit,</strong></span> <span class='ocrx_word' id='word_1_251' title='bbox 1156 2949 1393 3030; x_wconf 83' lang='lat' dir='ltr'><strong>obduruisseque</strong></span> 
     </span>
     <span class='ocr_line' id='line_1_28' title="bbox 214 3048 1392 3126; baseline 0.008 -24"><span class='ocrx_word' id='word_1_252' title='bbox 214 3062 277 3103; x_wconf 88' lang='lat' dir='ltr'><strong>sese</strong></span> <span class='ocrx_word' id='word_1_253' title='bbox 293 3055 399 3105; x_wconf 88' lang='lat' dir='ltr'><strong>contra</strong></span> <span class='ocrx_word' id='word_1_254' title='bbox 418 3048 572 3107; x_wconf 87' lang='lat' dir='ltr'><strong>fortunam</strong></span> <span class='ocrx_word' id='word_1_255' title='bbox 589 3048 794 3123; x_wconf 89' lang='lat' dir='ltr'><strong>arbitrantur,</strong></span> <span class='ocrx_word' id='word_1_256' title='bbox 816 3058 852 3107; x_wconf 92' lang='lat' dir='ltr'><strong>ut</strong></span> <span class='ocrx_word' id='word_1_257' title='bbox 868 3048 932 3125; x_wconf 90' lang='lat' dir='ltr'><strong>ipsa</strong></span> <span class='ocrx_word' id='word_1_258' title='bbox 949 3048 1121 3126; x_wconf 83' lang='lat' dir='ltr'><strong>defatigatio</strong></span> <span class='ocrx_word' id='word_1_259' title='bbox 1137 3050 1324 3109; x_wconf 81' lang='lat' dir='ltr'><strong>miseriarum</strong></span> <span class='ocrx_word' id='word_1_260' title='bbox 1339 3074 1392 3112; x_wconf 89' lang='lat' dir='ltr'><strong>ae·</strong></span> 
     </span>
     <span class='ocr_line' id='line_1_29' title="bbox 212 3144 1390 3231; baseline 0.011 -30"><span class='ocrx_word' id='word_1_261' title='bbox 212 3144 380 3222; x_wconf 87' lang='lat' dir='ltr'><strong>gritudines</strong></span> <span class='ocrx_word' id='word_1_262' title='bbox 398 3148 526 3209; x_wconf 87' lang='lat' dir='ltr'><strong>leniores</strong></span> <span class='ocrx_word' id='word_1_263' title='bbox 544 3151 648 3225; x_wconf 91' lang='lat' dir='ltr'><strong>faciat,</strong></span> <span class='ocrx_word' id='word_1_264' title='bbox 677 3150 705 3227; x_wconf 91' lang='lat' dir='ltr'><strong>c)</strong></span> <span class='ocrx_word' id='word_1_265' title='bbox 723 3150 805 3227; x_wconf 91' lang='lat' dir='ltr'><strong>quod</strong></span> <span class='ocrx_word' id='word_1_266' title='bbox 825 3149 1033 3226; x_wconf 86' lang='lat' dir='ltr'><strong>sapientissimi</strong></span> <span class='ocrx_word' id='word_1_267' title='bbox 1051 3149 1202 3226; x_wconf 90' lang='lat' dir='ltr'><strong>homines,</strong></span> <span class='ocrx_word' id='word_1_268' title='bbox 1230 3174 1325 3231; x_wconf 90' lang='lat' dir='ltr'><strong>quum</strong></span> <span class='ocrx_word' id='word_1_269' title='bbox 1341 3155 1390 3214; x_wconf 89' lang='lat' dir='ltr'><strong>iu-</strong></span> 
     </span>
     <span class='ocr_line' id='line_1_30' title="bbox 213 3242 1391 3332; baseline 0.014 -33"><span class='ocrx_word' id='word_1_270' title='bbox 213 3242 362 3322; x_wconf 86' lang='lat' dir='ltr'><strong>telligant,</strong></span> <span class='ocrx_word' id='word_1_271' title='bbox 389 3267 419 3306; x_wconf 90' lang='lat' dir='ltr'><strong>se</strong></span> <span class='ocrx_word' id='word_1_272' title='bbox 433 3251 568 3309; x_wconf 89' lang='lat' dir='ltr'><strong>nondum</strong></span> <span class='ocrx_word' id='word_1_273' title='bbox 584 3253 743 3332; x_wconf 89' lang='lat' dir='ltr'><strong>perfectam</strong></span> <span class='ocrx_word' id='word_1_274' title='bbox 758 3250 932 3328; x_wconf 85' lang='lat' dir='ltr'><strong>sapientiam</strong></span> <span class='ocrx_word' id='word_1_275' title='bbox 948 3262 1123 3311; x_wconf 88' lang='lat' dir='ltr'><strong>consecutos</strong></span> <span class='ocrx_word' id='word_1_276' title='bbox 1143 3273 1219 3328; x_wconf 90' lang='lat' dir='ltr'><strong>esse,</strong></span> <span class='ocrx_word' id='word_1_277' title='bbox 1247 3258 1391 3315; x_wconf 89' lang='lat' dir='ltr'><strong>tamenin</strong></span> 
     </span>
     <span class='ocr_line' id='line_1_31' title="bbox 211 3341 1390 3437; baseline 0.013 -38"><span class='ocrx_word' id='word_1_278' title='bbox 211 3341 273 3409; x_wconf 86' lang='lat' dir='ltr'><strong>hoe</strong></span> <span class='ocrx_word' id='word_1_279' title='bbox 294 3346 373 3404; x_wconf 92' lang='lat' dir='ltr'><strong>malo</strong></span> <span class='ocrx_word' id='word_1_280' title='bbox 398 3351 584 3427; x_wconf 87' lang='lat' dir='ltr'><strong>aegritudine</strong></span> <span class='ocrx_word' id='word_1_281' title='bbox 605 3374 665 3412; x_wconf 88' lang='lat' dir='ltr'><strong>non</strong></span> <span class='ocrx_word' id='word_1_282' title='bbox 691 3362 882 3431; x_wconf 88' lang='lat' dir='ltr'><strong>premantur,</strong></span> <span class='ocrx_word' id='word_1_283' title='bbox 912 3353 982 3430; x_wconf 93' lang='lat' dir='ltr'><strong>quia</strong></span> <span class='ocrx_word' id='word_1_284' title='bbox 1001 3353 1084 3411; x_wconf 91' lang='lat' dir='ltr'><strong>nulla</strong></span> <span class='ocrx_word' id='word_1_285' title='bbox 1107 3355 1307 3416; x_wconf 86' lang='lat' dir='ltr'><strong>admisceatur</strong></span> <span class='ocrx_word' id='word_1_286' title='bbox 1323 3358 1390 3437; x_wconf 88' lang='lat' dir='ltr'><strong>opi-</strong></span> 
     </span>
     <span class='ocr_line' id='line_1_32' title="bbox 212 3443 1390 3538; baseline 0.014 -37"><span class='ocrx_word' id='word_1_287' title='bbox 212 3443 265 3502; x_wconf 90' lang='lat' dir='ltr'><strong>nio</strong></span> <span class='ocrx_word' id='word_1_288' title='bbox 288 3446 414 3507; x_wconf 87' lang='lat' dir='ltr'><strong>officiosi</strong></span> <span class='ocrx_word' id='word_1_289' title='bbox 434 3450 564 3527; x_wconf 86' lang='lat' dir='ltr'><strong>doloris,</strong></span> <span class='ocrx_word' id='word_1_290' title='bbox 594 3454 767 3530; x_wconf 88' lang='lat' dir='ltr'><strong>luctumque</strong></span> <span class='ocrx_word' id='word_1_291' title='bbox 789 3463 818 3512; x_wconf 87' lang='lat' dir='ltr'><strong>et</strong></span> <span class='ocrx_word' id='word_1_292' title='bbox 840 3472 1001 3510; x_wconf 89' lang='lat' dir='ltr'><strong>maerorem</strong></span> <span class='ocrx_word' id='word_1_293' title='bbox 1025 3455 1084 3512; x_wconf 86' lang='lat' dir='ltr'><strong>viri</strong></span> <span class='ocrx_word' id='word_1_294' title='bbox 1106 3475 1167 3515; x_wconf 89' lang='lat' dir='ltr'><strong>esse</strong></span> <span class='ocrx_word' id='word_1_295' title='bbox 1189 3478 1252 3516; x_wconf 91' lang='lat' dir='ltr'><strong>non</strong></span> <span class='ocrx_word' id='word_1_296' title='bbox 1272 3468 1390 3538; x_wconf 73' lang='lat' dir='ltr'><strong>putent.</strong></span> 
     </span>
     <span class='ocr_line' id='line_1_33' title="bbox 213 3539 1389 3635; baseline 0.014 -31"><span class='ocrx_word' id='word_1_297' title='bbox 213 3566 239 3604; x_wconf 82' lang='lat' dir='ltr'><strong>c.</strong></span> <span class='ocrx_word' id='word_1_298' title='bbox 257 3552 309 3607; x_wconf 74' lang='lat'><strong>28.</strong></span> <span class='ocrx_word' id='word_1_299' title='bbox 323 3539 367 3593; x_wconf 67' lang='grc'><strong>’-</strong></span> <span class='ocrx_word' id='word_1_300' title='bbox 409 3552 787 3630; x_wconf 71' lang='lat' dir='ltr'><strong>Subiiciuntur‘quaedam</strong></span> <span class='ocrx_word' id='word_1_301' title='bbox 810 3553 847 3609; x_wconf 90' lang='lat' dir='ltr'><strong>ad</strong></span> <span class='ocrx_word' id='word_1_302' title='bbox 872 3554 1059 3612; x_wconf 80' lang='lat' dir='ltr'><strong>refutandam</strong></span> <span class='ocrx_word' id='word_1_303' title='bbox 1080 3560 1256 3617; x_wconf 86' lang='lat' dir='ltr'><strong>sententiam</strong></span> <span class='ocrx_word' id='word_1_304' title='bbox 1277 3580 1389 3635; x_wconf 88' lang='lat' dir='ltr'><strong>eorum,</strong></span> 
     </span>
     <span class='ocr_line' id='line_1_34' title="bbox 211 3647 1388 3734; baseline 0.014 -29"><span class='ocrx_word' id='word_1_305' title='bbox 211 3647 264 3725; x_wconf 88' lang='lat' dir='ltr'><strong>qui</strong></span> <span class='ocrx_word' id='word_1_306' title='bbox 276 3649 441 3711; x_wconf 90' lang='lat' dir='ltr'><strong>cedendum</strong></span> <span class='ocrx_word' id='word_1_307' title='bbox 453 3662 592 3711; x_wconf 85' lang='lat' dir='ltr'><strong>censeant</strong></span> <span class='ocrx_word' id='word_1_308' title='bbox 604 3653 718 3725; x_wconf 90' lang='lat' dir='ltr'><strong>dolori,</strong></span> <span class='ocrx_word' id='word_1_309' title='bbox 741 3653 825 3730; x_wconf 91' lang='lat' dir='ltr'><strong>quia,</strong></span> <span class='ocrx_word' id='word_1_310' title='bbox 848 3674 940 3731; x_wconf 90' lang='lat' dir='ltr'><strong>quum</strong></span> <span class='ocrx_word' id='word_1_311' title='bbox 953 3655 994 3712; x_wconf 90' lang='lat' dir='ltr'><strong>sit</strong></span> <span class='ocrx_word' id='word_1_312' title='bbox 1007 3660 1168 3734; x_wconf 89' lang='lat' dir='ltr'><strong>naturalis,</strong></span> <span class='ocrx_word' id='word_1_313' title='bbox 1191 3672 1320 3720; x_wconf 87' lang='lat' dir='ltr'><strong>naturae</strong></span> <span class='ocrx_word' id='word_1_314' title='bbox 1332 3664 1388 3721; x_wconf 89' lang='lat' dir='ltr'><strong>ob·</strong></span> 
     </span>
     <span class='ocr_line' id='line_1_35' title="bbox 211 3749 1389 3831; baseline 0.014 -24"><span class='ocrx_word' id='word_1_315' title='bbox 211 3749 278 3808; x_wconf 89' lang='lat' dir='ltr'><strong>sisti</strong></span> <span class='ocrx_word' id='word_1_316' title='bbox 303 3761 444 3828; x_wconf 87' lang='lat' dir='ltr'><strong>nequeat,</strong></span> <span class='ocrx_word' id='word_1_317' title='bbox 474 3753 602 3831; x_wconf 90' lang='lat' dir='ltr'><strong>ideoque</strong></span> <span class='ocrx_word' id='word_1_318' title='bbox 625 3754 881 3814; x_wconf 82' lang='lat' dir='ltr'><strong>consolationibus</strong></span> <span class='ocrx_word' id='word_1_319' title='bbox 907 3776 973 3814; x_wconf 78' lang='lat' dir='ltr'><strong>euin</strong></span> <span class='ocrx_word' id='word_1_320' title='bbox 997 3758 1075 3820; x_wconf 87' lang='lat' dir='ltr'><strong>nihil</strong></span> <span class='ocrx_word' id='word_1_321' title='bbox 1100 3762 1205 3822; x_wconf 74' lang='lat' dir='ltr'><strong>levari.</strong></span> <span class='ocrx_word' id='word_1_322' title='bbox 1228 3785 1254 3823; x_wconf 82' lang='lat' dir='ltr'><strong>c.</strong></span> <span class='ocrx_word' id='word_1_323' title='bbox 1270 3771 1323 3825; x_wconf 81' lang='lat'><strong>29.</strong></span> <span class='ocrx_word' id='word_1_324' title='bbox 1339 3769 1389 3825; x_wconf 79' lang='grc' dir='ltr'><strong>ὅθ.</strong></span> 
     </span>
     <span class='ocr_line' id='line_1_36' title="bbox 211 3852 375 3932; baseline -0.018 -16"><span class='ocrx_word' id='word_1_325' title='bbox 211 3855 263 3916; x_wconf 73' lang='lat'><strong>31.</strong></span> <span class='ocrx_word' id='word_1_326' title='bbox 275 3852 375 3932; x_wconf 85' lang='lat' dir='ltr'><strong>princ.</strong></span> 
     </span>
    </p>

    <p class='ocr_par' dir='ltr' id='par_1_6' title="bbox 210 3957 1390 4457">
     <span class='ocr_line' id='line_1_37' title="bbox 296 3957 1389 4048; baseline 0.011 -33"><span class='ocrx_word' id='word_1_327' title='bbox 296 3957 440 4034; x_wconf 88' lang='lat' dir='ltr'><strong>Sequitur</strong></span> <span class='ocrx_word' id='word_1_328' title='bbox 458 3960 607 4034; x_wconf 76' lang='lat' dir='ltr'><strong>eortapleta</strong></span> <span class='ocrx_word' id='word_1_329' title='bbox 630 3963 804 4019; x_wconf 78' lang='lat' dir='ltr'><strong>Stoicorum</strong></span> <span class='ocrx_word' id='word_1_330' title='bbox 819 3962 958 4041; x_wconf 81' lang='lat' dir='ltr'><strong>definitio</strong></span> <span class='ocrx_word' id='word_1_331' title='bbox 976 3967 1204 4043; x_wconf 74' lang='lat' dir='ltr'><strong>aegritudiuis:</strong></span> <span class='ocrx_word' id='word_1_332' title='bbox 1226 3968 1389 4048; x_wconf 78' lang='lat' dir='ltr'><strong>Aegritudo</strong></span> 
     </span>
     <span class='ocr_line' id='line_1_38' title="bbox 212 4058 1389 4143; baseline 0.015 -31"><span class='ocrx_word' id='word_1_333' title='bbox 212 4065 256 4113; x_wconf 86' lang='lat' dir='ltr'><strong>est</strong></span> <span class='ocrx_word' id='word_1_334' title='bbox 273 4058 379 4133; x_wconf 88' lang='lat' dir='ltr'><strong>opinio</strong></span> <span class='ocrx_word' id='word_1_335' title='bbox 395 4060 463 4118; x_wconf 91' lang='lat' dir='ltr'><strong>mali</strong></span> <span class='ocrx_word' id='word_1_336' title='bbox 479 4061 659 4139; x_wconf 89' lang='lat' dir='ltr'><strong>praesentis,</strong></span> <span class='ocrx_word' id='word_1_337' title='bbox 682 4073 711 4120; x_wconf 90' lang='lat' dir='ltr'><strong>et</strong></span> <span class='ocrx_word' id='word_1_338' title='bbox 725 4063 843 4140; x_wconf 91' lang='lat' dir='ltr'><strong>quidem</strong></span> <span class='ocrx_word' id='word_1_339' title='bbox 858 4088 976 4135; x_wconf 78' lang='lat' dir='ltr'><strong>recens:</strong></span> <span class='ocrx_word' id='word_1_340' title='bbox 998 4067 1080 4143; x_wconf 89' lang='lat' dir='ltr'><strong>quod</strong></span> <span class='ocrx_word' id='word_1_341' title='bbox 1093 4071 1217 4127; x_wconf 82' lang='lat' dir='ltr'><strong>verbum</strong></span> <span class='ocrx_word' id='word_1_342' title='bbox 1232 4071 1276 4128; x_wconf 90' lang='lat' dir='ltr'><strong>sic</strong></span> <span class='ocrx_word' id='word_1_343' title='bbox 1291 4072 1389 4129; x_wconf 86' lang='lat' dir='ltr'><strong>inter-</strong></span> 
     </span>
     <span class='ocr_line' id='line_1_39' title="bbox 210 4164 1390 4250; baseline 0.017 -40"><span class='ocrx_word' id='word_1_344' title='bbox 210 4164 388 4236; x_wconf 89' lang='lat' dir='ltr'><strong>pretantur,</strong></span> <span class='ocrx_word' id='word_1_345' title='bbox 410 4171 445 4220; x_wconf 92' lang='lat' dir='ltr'><strong>ut</strong></span> <span class='ocrx_word' id='word_1_346' title='bbox 461 4183 523 4221; x_wconf 91' lang='lat' dir='ltr'><strong>non</strong></span> <span class='ocrx_word' id='word_1_347' title='bbox 540 4173 657 4222; x_wconf 88' lang='lat' dir='ltr'><strong>tantum</strong></span> <span class='ocrx_word' id='word_1_348' title='bbox 673 4164 749 4223; x_wconf 92' lang='lat' dir='ltr'><strong>illud</strong></span> <span class='ocrx_word' id='word_1_349' title='bbox 768 4185 869 4225; x_wconf 89' lang='lat' dir='ltr'><strong>recens</strong></span> <span class='ocrx_word' id='word_1_350' title='bbox 887 4187 946 4226; x_wconf 89' lang='lat' dir='ltr'><strong>esse</strong></span> <span class='ocrx_word' id='word_1_351' title='bbox 966 4169 1076 4243; x_wconf 82' lang='lat' dir='ltr'><strong>velint,</strong></span> <span class='ocrx_word' id='word_1_352' title='bbox 1099 4171 1180 4248; x_wconf 90' lang='lat' dir='ltr'><strong>quod</strong></span> <span class='ocrx_word' id='word_1_353' title='bbox 1198 4172 1305 4250; x_wconf 87' lang='lat' dir='ltr'><strong>paullo</strong></span> <span class='ocrx_word' id='word_1_354' title='bbox 1321 4182 1390 4232; x_wconf 86' lang='lat' dir='ltr'><strong>ante</strong></span> 
     </span>
     <span class='ocr_line' id='line_1_40' title="bbox 212 4256 1388 4349; baseline 0.02 -37"><span class='ocrx_word' id='word_1_355' title='bbox 212 4256 367 4333; x_wconf 84' lang='lat' dir='ltr'><strong>acciderit,</strong></span> <span class='ocrx_word' id='word_1_356' title='bbox 390 4263 440 4320; x_wconf 90' lang='lat' dir='ltr'><strong>sed</strong></span> <span class='ocrx_word' id='word_1_357' title='bbox 456 4264 599 4341; x_wconf 88' lang='lat' dir='ltr'><strong>quamdiu</strong></span> <span class='ocrx_word' id='word_1_358' title='bbox 613 4267 645 4324; x_wconf 90' lang='lat' dir='ltr'><strong>in</strong></span> <span class='ocrx_word' id='word_1_359' title='bbox 661 4266 712 4323; x_wconf 90' lang='lat' dir='ltr'><strong>illo</strong></span> <span class='ocrx_word' id='word_1_360' title='bbox 728 4268 853 4345; x_wconf 89' lang='lat' dir='ltr'><strong>opinato</strong></span> <span class='ocrx_word' id='word_1_361' title='bbox 868 4270 944 4328; x_wconf 87' lang='lat' dir='ltr'><strong>malo</strong></span> <span class='ocrx_word' id='word_1_362' title='bbox 961 4271 1007 4329; x_wconf 89' lang='lat' dir='ltr'><strong>vis</strong></span> <span class='ocrx_word' id='word_1_363' title='bbox 1020 4275 1162 4349; x_wconf 87' lang='lat' dir='ltr'><strong>quaedam</strong></span> <span class='ocrx_word' id='word_1_364' title='bbox 1177 4275 1248 4333; x_wconf 87' lang='lat' dir='ltr'><strong>insit</strong></span> <span class='ocrx_word' id='word_1_365' title='bbox 1257 4320 1265 4348; x_wconf 96' lang='lat'><strong>,</strong></span> <span class='ocrx_word' id='word_1_366' title='bbox 1289 4284 1326 4335; x_wconf 90' lang='lat' dir='ltr'><strong>ut</strong></span> <span class='ocrx_word' id='word_1_367' title='bbox 1339 4274 1388 4334; x_wconf 84' lang='lat' dir='ltr'><strong>vi-</strong></span> 
     </span>
     <span class='ocr_line' id='line_1_41' title="bbox 210 4359 1390 4457; baseline 0.015 -42"><span class='ocrx_word' id='word_1_368' title='bbox 210 4367 276 4436; x_wconf 89' lang='lat' dir='ltr'><strong>geat</strong></span> <span class='ocrx_word' id='word_1_369' title='bbox 293 4369 323 4419; x_wconf 89' lang='lat' dir='ltr'><strong>et</strong></span> <span class='ocrx_word' id='word_1_370' title='bbox 336 4359 444 4424; x_wconf 88' lang='lat' dir='ltr'><strong>habeat</strong></span> <span class='ocrx_word' id='word_1_371' title='bbox 459 4368 607 4441; x_wconf 87' lang='lat' dir='ltr'><strong>quandam</strong></span> <span class='ocrx_word' id='word_1_372' title='bbox 626 4368 824 4445; x_wconf 86' lang='lat' dir='ltr'><strong>viriditatem,</strong></span> <span class='ocrx_word' id='word_1_373' title='bbox 846 4372 960 4431; x_wconf 88' lang='lat' dir='ltr'><strong>tamdiu</strong></span> <span class='ocrx_word' id='word_1_374' title='bbox 975 4374 1145 4452; x_wconf 88' lang='lat' dir='ltr'><strong>appelletur</strong></span> <span class='ocrx_word' id='word_1_375' title='bbox 1156 4396 1270 4436; x_wconf 88' lang='lat' dir='ltr'><strong>recens.</strong></span> <span class='ocrx_word' id='word_1_376' title='bbox 1292 4374 1324 4457; x_wconf 54' lang='grc' dir='ltr'><strong>ᾗ.</strong></span> <span class='ocrx_word' id='word_1_377' title='bbox 1338 4382 1390 4438; x_wconf 73' lang='lat' dir='ltr'><strong>fb·</strong></span> 
     </span>
    </p>
   </div>
   <div class='ocr_carea' id='block_1_3' title="bbox 0 0 1448 5512">
    <p class='ocr_par' dir='ltr' id='par_1_7' title="bbox 0 0 1448 5512">
     <span class='ocr_line' id='line_1_42' title="bbox 0 0 1448 5512; baseline 0 2"><span class='ocrx_word' id='word_1_378' title='bbox 0 0 1448 5512; x_wconf 95' lang='lat' dir='ltr'><strong> </strong></span> 
     </span>
    </p>
   </div>
  </div>
 </body>
</html>
