2946 5550
10 17 1028 395 ᾤ

403 772 445 819 hl)
464 769 675 821 LUDOLPHUM
696 771 883 822 DlSSENthl.
1183 760 1223 816 Xl

56 912 98 982 ah
116 908 222 1000 illius,
247 909 339 982 nulla
358 915 468 981 tamen
483 909 608 983 adiecta
623 909 847 1001 adnotatione,
872 933 969 1005 eqrra
985 917 1132 1007 pateret,
1159 935 1222 1004 qua

57 1046 254 1118 auctoritate
269 1044 454 1117 niterentur
472 1046 656 1141 scripturae
672 1070 690 1118 a
705 1069 741 1119 se
758 1053 919 1142 receptae,
945 1070 1063 1142 operae
1080 1047 1222 1142 pretium

58 1182 208 1255 lactemus
225 1182 380 1271 videbar,
413 1181 444 1253 si
460 1181 633 1275 utriusque
647 1182 868 1273 recensionis,
902 1189 936 1254 et
955 1181 1173 1256 Ernestianae
1191 1190 1224 1255 et

58 1318 262 1409 Wolliauae,
295 1318 534 1412 scripturarum
568 1319 798 1409 auctoritates,
833 1318 1007 1414 diligenter
1039 1319 1223 1415 indagatas,

59 1480 160 1549 qnam
173 1454 381 1552 paucissimis
397 1461 567 1528 enotarem
581 1454 744 1547 simulque
760 1456 914 1527 adderem
929 1456 1154 1530 diversitatem
1168 1481 1223 1529 re·

60 1591 228 1664 censionis
256 1590 453 1665 Orellianae.
502 1590 568 1663 His
593 1590 769 1684 scripturis
794 1592 892 1665 etiam
915 1592 995 1665 alias
1019 1592 1222 1688 insigniores

61 1735 97 1799 et
111 1734 294 1800 memoratu
310 1728 430 1822 dignas.
446 1727 567 1799 addere
591 1726 713 1820 placuit
728 1727 871 1823 itemque
897 1730 1045 1825 egregias
1070 1729 1222 1802 acutissi-

61 1888 193 1936 morum
207 1862 376 1935 hominum
391 1863 594 1936 coniecturas
612 1863 666 1936 uel
681 1864 905 1958 suspiciones,
931 1872 969 1937 ut
986 1865 1111 1938 scilicet
1125 1887 1223 1959 prae-

61 2006 178 2094 ceptor
204 1998 357 2089 haberet,
394 2023 456 2091 quo
484 1999 664 2094 sagacioris
690 1998 813 2072 indolis
839 2000 1065 2074 adolescentes
1094 2000 1222 2073 criticae

61 2158 147 2229 quae
175 2134 295 2208 dicitur
320 2133 549 2209 coniecturalis
574 2135 747 2209 elementis
772 2135 931 2209 initiaret
990 2136 1032 2209 In
1060 2136 1223 2209 enotauda

59 2272 225 2368 scriptura
245 2272 292 2343 ita
310 2278 463 2345 uersatus
479 2297 573 2364 sum,
606 2279 644 2345 ut
662 2273 854 2367 plerumque
872 2274 973 2347 verbo
992 2272 1223 2368 significarem,

60 2407 142 2503 quid
166 2409 206 2481 de
227 2408 276 2480 eis
301 2409 512 2481 statuendum
534 2409 710 2499 sentirem,
744 2416 782 2481 ut
811 2409 963 2503 discipuli
986 2408 1050 2504 ipsi
1076 2408 1222 2483 rationes

62 2544 296 2639 anquirerent,
330 2545 449 2638 quihus
477 2545 642 2640 scriptura
666 2545 776 2638 aliqua
804 2551 860 2617 aut
884 2546 1020 2639 prohata
1045 2552 1134 2617 esset
1167 2552 1223 2619 aut

64 2683 196 2754 reiecta.
247 2681 288 2753 ln
305 2682 418 2754 multis
443 2689 552 2755 autern
572 2681 747 2777 scripturis
771 2680 995 2755 examinandis
1015 2681 1146 2776 longior
1164 2679 1224 2770 lui,

62 2818 226 2913 imprimis
241 2819 278 2891 in
296 2819 361 2909 eis,
386 2820 423 2891 in
440 2820 559 2912 quihus
576 2819 794 2891 recedendum
813 2817 893 2891 mihi
908 2818 1078 2892 videretur
1095 2820 1133 2891 ah
1152 2817 1223 2889 edi-

60 2961 174 3027 torum
190 2955 373 3044 sententia,
401 2978 439 3028 eo
461 2955 593 3048 quidem
613 2954 768 3045 consilio,
793 2961 830 3026 ut
848 2955 1110 3028 adolescentibus
1129 2955 1223 3047 quasi

61 3091 227 3185 quandam
243 3090 330 3164 viam
347 3090 529 3185 praeirem,
556 3115 638 3185 quae
657 3092 873 3187 ingredienda
891 3098 980 3165 esset
999 3093 1040 3165 ad
1059 3091 1220 3165 difficilio-

61 3251 117 3299 res
141 3227 325 3322 scripturas
351 3228 585 3301 diiudicandae.

161 3364 204 3435 ln
221 3364 405 3458 priscorum
417 3371 590 3460 petitarum
604 3365 705 3455 locis,
731 3366 849 3458 quibus
867 3365 980 3439 (licere
996 3363 1222 3459 philosophiae

62 3501 273 3573 severitatem
293 3501 551 3596 gravitatemque
571 3501 754 3575 exhilarare
772 3501 916 3590 studuit,
950 3500 992 3571 ad
1008 3520 1222 3570 numerorum

63 3638 156 3732 leges
171 3638 366 3711 reuocandis
383 3637 447 3711 etsi
469 3640 608 3712 maxima
629 3662 700 3712 cum
720 3638 816 3710 laude
840 3642 1007 3709 uersatum
1025 3641 1075 3706 est
1092 3633 1223 3729 perspi·

64 3773 270 3845 rarissimum
287 3773 431 3848 Bentleii
446 3774 625 3869 ingenium,
651 3781 684 3847 et
701 3780 815 3869 postea
834 3772 1017 3847 recentiore
1035 3777 1140 3844 aetate
1155 3794 1225 3843 ma-

64 3934 160 4005 gnam
180 3911 278 3982 etiarn
301 3936 410 3984 uuam
435 3910 608 3984 collocavit
625 3909 711 3984 acies
728 3910 859 4001 woffii,
892 3933 991 4002 quum
1008 3909 1147 3981 aliorum
1163 3907 1226 3981 ho-

65 4046 187 4119 minum
209 4047 398 4136 doctorum,
423 4053 494 4119 tum
512 4047 696 4120 Hermanni
713 4047 832 4121 studiis
848 4046 977 4138 adiuta3
1002 4052 1131 4134 tamen,
1158 4044 1224 4115 eis-

67 4185 137 4255 dem
156 4184 264 4256 denuo
286 4183 496 4273 examinatis,
521 4183 607 4256 hunc
623 4184 730 4257 locum
746 4209 814 4257 non
830 4184 877 4256 ita
894 4183 1134 4276 complanatum
1151 4203 1224 4251 esse

10 4376 12 4387 .
67 4319 210 4393 intellexi
233 4327 331 4413 atque
354 4327 608 4416 perpurgatum,
645 4320 727 4393 nihil
748 4326 786 4392 ut
804 4318 998 4393 dubitationi
1023 4324 1056 4389 et
1072 4318 1227 4389 emenda-

10 4550 12 4565 ἰ
69 4455 147 4527 tioni
165 4456 410 4550 relinqueretur
428 4457 501 4531 loci.
553 4457 595 4530 In
617 4482 682 4550 quo
703 4456 830 4529 difficili
847 4455 975 4528 criticae
996 4453 1102 4527 officio
1127 4475 1225 4546 para-

70 4591 228 4665 tissimum
246 4593 327 4666 mihi
350 4595 507 4668 auxilium
531 4594 698 4690 praestitit
716 4592 930 4681 Grotesendi,
966 4590 1048 4664 artis
1072 4589 1224 4662 metricae

70 4730 272 4821 peritissimi,
300 4754 445 4805 acumen.

166 4868 330 4960 Quoniam
347 4871 387 4942 de
408 4869 518 4942 critica
546 4868 631 4958 dixi,
665 4892 752 4939 uuna
774 4869 812 4939 do
836 4864 1075 4961 interpretandi
1094 4885 1225 4959 genere,

75 5004 156 5090 quod
180 5003 215 5077 in
243 5006 456 5100 explanandis
483 5006 534 5078 his
560 5005 654 5077 libris
680 5013 812 5078 secutus
840 5029 929 5093 sum,
955 5025 1058 5095 pauca
1085 4999 1198 5070 dicam.
